1770 2769
740 98 983 132 „60-

306 201 415 237 Fonti
441 201 677 247 Phocaeensi‚
714 214 757 238 ex
791 214 862 249 quo
896 202 985 238 haec
1016 202 1137 238 hausit
1174 202 1396 248 Herodotus,
1431 214 1502 239 non

208 256 425 300 assignanda
452 260 535 290 sunt
562 268 615 297 ea,
652 268 745 301 quae
771 261 968 291 narrantur
994 268 1023 290 c.
1047 258 1113 291 167
1142 257 1187 291 de
1213 256 1413 316 Agyllaeis,
1440 257 1503 302 qui

210 307 373 344 Graecos
399 309 558 354 captivos
583 309 765 355 lapidibus
791 310 999 346 necaverint
1024 313 1061 345 et
1081 313 1231 356 propter
1257 310 1325 345 hoc
1349 310 1502 346 immane

207 362 340 397 factum
380 374 401 397 a
440 362 507 397 deo
546 362 727 408 Delphico
774 363 894 398 facere
940 363 1029 398 iussi
1064 364 1135 398 sint
1171 362 1237 405 „wi
1272 364 1331 398 καὶ
1369 368 1429 398 νῦν
1468 362 1502 398 οἱ

203 411 398 462 Αγυλλαῐοι
435 414 488 451 ’ἐτι
527 414 770 452 ἐπιτελέουσι·
787 417 847 452 καὶ
885 416 952 463 γὰρ
990 414 1188 463 ἐναγίζουσί
1222 427 1291 464 σφι
1332 416 1501 463 (necatis)

206 468 372 515 μεγάλως
396 469 456 503 καὶ
482 464 603 515 αγιῦνα
628 469 795 516 γυμνικὸν
820 471 880 505 καὶ
907 469 1056 505 ἱππικὸν
1082 468 1285 505 επιστᾶσι.“
1330 470 1414 505 Hoc
1440 470 1499 505 ad-

208 523 444 558 ditamentum
483 523 696 559 Herodotus
741 523 895 560 fortasse
942 524 1116 569 comperit
1162 523 1267 559 ludos
1305 523 1502 570 Agyllaeos

207 577 284 623 ipse
312 580 491 622 spectans.
532 577 589 612 Ex
616 577 743 613 eodem
769 577 868 613 fonte
895 590 937 613 ac
963 577 1214 613 antecedentia
1239 578 1405 613 haustum
1431 590 1503 613 non

209 634 274 677 est,
302 631 398 676 quod
424 642 495 666 non
522 631 664 666 narrari
690 635 835 677 poterat
861 632 931 667 nisi
957 631 1002 666 ab
1029 631 1183 677 homine,
1210 631 1272 677 qui
1296 643 1369 667 non
1395 632 1503 667 victo-

207 686 308 728 riam,
347 696 392 719 ne
420 684 615 720 Cadmeam
656 685 811 730 quidem,
852 685 915 721 sed
954 685 1092 720 cladem
1119 684 1282 721 Graecos
1321 685 1502 732 accepisse

206 738 368 784 putabat.
432 737 544 784 Apud
591 739 759 784 antiquos
808 740 922 782 enim,
962 740 1023 784 qui
1065 739 1249 784 naufragis
1294 739 1503 774 natantibus

207 792 315 838 potiri
342 796 473 837 potest,
500 793 614 828 victor
640 805 782 839 pugnae
807 793 947 829 navalis
973 793 1099 829 haberi
1118 792 1267 829 solebat.
1295 792 1501 829 Verisimile

208 850 263 882 est
302 846 487 882 oraculum
527 858 605 882 esse
644 847 848 892 genuinum,
889 847 986 892 quod
1025 859 1131 893 saepe
1157 847 1289 893 Pythia
1328 847 1431 882 ludos
1464 847 1500 881 in

206 900 355 935 heroum
380 900 553 935 honorem
580 901 638 935 edi
663 900 857 947 iubebat.¹)

305 954 365 989 lta
390 953 572 989 Herodoti
598 954 750 989 historia
775 954 1018 989 Phocaeensis
1058 954 1128 989 duo
1168 954 1318 1000 praebet
1356 954 1501 990 oracula

207 1008 373 1055 genuina,
402 1008 532 1043 hausta
558 1012 680 1043 tamen
708 1021 751 1044 ex
777 1008 926 1043 diversis
953 1008 1122 1044 fontibus.

305 1061 577 1107 Metapontinos
612 1061 822 1097 Herodotus
856 1062 914 1098 IV
943 1064 986 1097 15
1021 1062 1097 1110 ipse
1134 1073 1301 1098 narrasse
1336 1062 1423 1098 dicit
1458 1062 1500 1098 de

207 1116 364 1162 oraculo,
392 1116 489 1162 quod
515 1116 685 1152 Aristeae
713 1117 852 1161 signum
879 1129 940 1152 eos
967 1120 1126 1152 statuere
1151 1116 1309 1152 iubebat.

306 1169 494 1214 Sybaritas
528 1170 714 1204 oraculum
748 1169 799 1216 (V
825 1170 888 1216 43)
923 1181 1219 1205 commemorasse
1246 1170 1383 1214 Doriei,
1419 1181 1500 1204 con-

208 1223 352 1258 cludere
379 1235 567 1268 possumus
596 1235 641 1258 ex
668 1223 701 1260 V
729 1224 786 1258 45.

724 1584 981 1639 Epilogus.

304 1682 546 1717 Exhausimus
589 1682 837 1717 narrationum
881 1682 1240 1728 chresmologicarum
1277 1682 1497 1717 thesaurum.

205 1735 408 1771 Audiamus
434 1737 515 1778 iam,
543 1748 635 1781 quae
662 1736 748 1771 dicit
775 1735 820 1770 de
846 1735 1026 1771 Herodoti
1052 1735 1150 1771 fonte
1177 1735 1355 1780 Delphico
1382 1736 1426 1771 U.
1454 1736 1498 1771 de

206 1789 446 1825 Wilamowitz
458 1789 498 1837 εἳ)

307 1845 408 1886 „eine
434 1844 682 1890 Hauptquelle
709 1844 771 1879 des
797 1843 1024 1879 Herodotos:
1059 1855 1132 1878 wer
1165 1844 1227 1878 ihn
1260 1843 1382 1888 kennt,
1420 1844 1498 1879 dem

206 1902 351 1933 miissen
370 1898 427 1932 die
453 1894 693 1945 ὑπομνήματα
712 1898 775 1932 des
794 1897 1028 1942 delphischen
1048 1896 1200 1932 Orakels
1220 1897 1298 1931 eine
1316 1897 1496 1931 bekannte

206 1950 344 1986 Grosse
371 1951 458 1994 sein,
486 1951 566 1986 eine
585 1950 794 1997 Sammlung
820 1962 889 1985 von
907 1949 1095 1996 Spriichen
1117 1949 1180 1985 des
1199 1948 1329 1985 Gottes
1347 1950 1411 1985 mit
1429 1950 1498 1985 den

205 2005 445 2051 zugehorigen
462 2005 727 2051 Erzahlungen,
748 2005 804 2040 die
823 2005 958 2040 sowohl
984 2004 1042 2039 die
1063 2004 1332 2050 Veranlassung
1349 2005 1413 2040 wie
1440 2004 1498 2040 die

204 2058 397 2104 Erffillung
436 2059 500 2094 der
539 2059 724 2094 einzelnen
764 2058 900 2094 Orakel
939 2058 1108 2103 enthielt,
1149 2058 1206 2093 ein
1245 2057 1498 2093 wunderbarer

205 2111 335 2148 Schatz
355 2112 654 2163 geschichtlicher
671 2113 744 2148 und
762 2112 951 2160 religioser
967 2112 1186 2158 Belehrung,
1205 2112 1295 2148 uber
1313 2112 1369 2148 die
1387 2124 1497 2158 ganze

204 2166 423 2201 hellenische
450 2164 553 2202 W³elt
579 2167 652 2201 und
678 2167 771 2202 noch
798 2167 954 2201 dariiber
980 2167 1108 2201 hinaus
1144 2166 1219 2200 sich
1255 2166 1496 2208 erstreckend,

303 2248 329 2284 1)
352 2247 388 2277 e.f
411 2247 446 2276 E.
468 2247 586 2277 Rhode.
623 2248 744 2284 Psyche
765 2258 794 2285 p.
817 2249 883 2278 141.

301 2291 328 2329 2)
349 2291 531 2321 Aristoteles
553 2292 614 2320 und
635 2292 738 2321 Athen
758 2292 775 2321 Ι
795 2302 824 2329 p.
846 2293 904 2323 284
925 2302 967 2329 sq.
