1770 2769
711 199 883 237 CAPUT
910 200 985 238 ΠΙ.

547 288 625 332 De
657 288 815 332 rebus
848 288 1148 344 Cyrenaeis.

293 396 397 431 Inter
423 394 585 431 infelices
603 394 788 441 Apollinis
815 396 949 432 amicos
976 396 1083 431 etiam
1102 396 1307 441 Battiadae,
1335 395 1492 442 Cyrena-

194 463 274 485 rum
301 462 415 495 reges,
444 454 557 496 erant,
585 461 737 495 quorum
757 450 801 485 de
819 451 1031 485 commercio
1051 463 1131 485 cum
1149 450 1295 486 oraculo
1314 450 1492 496 Delphico

193 504 441 538 intercedente
471 503 694 547 Herodotus,
739 503 824 549 (IV.
862 505 929 539 145
964 504 1033 549 sq.)
1083 504 1268 539 Menecles
1295 504 1490 552 Barcaeus,

194 557 255 604 (fr.
278 560 324 602 1.)
340 556 365 605 ¹)
391 557 578 593 Diodorus
596 557 720 602 (VIII.
737 558 811 604 29.)
836 557 947 594 verba
960 557 1106 604 faciunt,
1134 558 1301 594 victorias
1319 558 1492 604 Pythicas

194 612 378 647 Pindarus
413 612 601 656 praedicat
627 611 750 657 (Pyth.
778 612 845 647 IV.
873 611 935 657 V.)
973 613 1239 656 Examinemus,
1280 613 1409 656 quibus
1449 624 1492 647 ex

194 664 356 699 fontibus
382 664 605 706 Herodotus,
633 675 725 709 quae
753 664 797 699 de
825 665 876 699 eis
902 668 1039 711 narrat,
1066 664 1273 711 hauserim)

293 718 546 765 Incipiendum
581 721 636 754 est
669 718 753 753 inde
789 730 821 753 a.
842 730 870 757 e.
894 720 974 764 154,
1011 731 1104 765 nam,
1131 719 1260 765 quibus
1286 719 1492 756 auctoribus

194 785 281 808 usus
308 773 355 808 sit
378 772 588 808 Herodotus
614 772 661 807 ad
688 784 741 814 ea,
767 784 859 818 quae
879 773 1108 818 antecedunt,
1128 773 1396 818 conscribenda,
1414 774 1491 819 ipse

195 826 398 862 luculenter
425 826 513 862 dicit
538 838 567 861 c.
591 827 659 861 150
687 830 724 862 et
753 828 831 862 154.

294 880 382 915 Tria
408 880 511 916 nobis
538 884 682 915 servata
708 884 791 915 sunt
817 881 963 916 oracula
989 892 1095 916 versu
1121 881 1265 916 heroico
1284 882 1491 928 composita,

195 945 347 978 quorum
374 934 445 968 duo
467 934 624 968 Doricae
652 934 797 968 dialecti
822 934 1014 969 manifesta
1033 938 1265 969 servaverunt
1286 935 1491 981 vestigiazss)

293 1022 316 1058 ¹)
338 1020 438 1050 Schol.
459 1020 548 1051 Pind.
569 1020 657 1057 Pyth.
679 1020 736 1050 IV.
760 1022 797 1051 10
818 1036 846 1045 =
868 1021 901 1051 F.
922 1021 963 1050 H.
986 1020 1023 1049 G.
1045 1020 1102 1052 [V.
1124 1031 1154 1058 p.
1175 1022 1242 1051 449.

292 1065 320 1100 2)
342 1065 513 1102 Schubring
535 1065 569 1100 (1.
590 1065 609 1093 1.
630 1075 659 1101 p.
682 1066 710 1100 6,
732 1066 780 1100 30,
800 1066 848 1100 42,
869 1066 917 1101 47,
938 1066 985 1100 56,
1007 1065 1058 1100 58)
1082 1065 1119 1093 de
1139 1064 1198 1093 fide
1219 1065 1321 1101 potius
1342 1074 1432 1101 quam
1453 1065 1491 1094 de

193 1108 277 1137 fonte
299 1108 490 1136 oraculorum
512 1107 734 1144 Cyrenaeorum
755 1108 848 1136 verba
870 1107 953 1137 facit.

294 1151 440 1181 Benedict
470 1153 513 1189 (p.
535 1153 574 1183 33
596 1152 653 1189 sq.)
685 1161 798 1189 eorum,
831 1162 908 1190 quae
937 1151 1082 1189 Cyrenaei
1104 1152 1261 1182 Herodoto
1294 1152 1490 1190 tradiderunt,

193 1197 283 1234 longe
304 1197 470 1225 maximam
491 1199 609 1233 partem
631 1196 756 1233 Cyrenis
777 1197 851 1234 ipsis
871 1199 973 1225 natam
995 1206 1059 1225 esse
1081 1197 1255 1225 arbitratur.

293 1241 329 1268 E.
352 1240 522 1268 Mollmann
556 1240 744 1276 („Her0dots
766 1240 959 1278 Darstellung
979 1240 1033 1269 der
1054 1240 1237 1269 Geschichte
1258 1249 1318 1269 von
1338 1240 1488 1277 Kyrene.“

193 1283 299 1322 Progr.
321 1284 516 1322 Konigsberg
536 1283 620 1321 i.lPr.
643 1285 744 1322 1889.)
787 1283 1008 1321 Cyrenaeorum
1029 1284 1234 1313 narrationem
1248 1293 1403 1313 emanasse
1418 1284 1492 1314 dicit

193 1339 231 1359 ex
252 1339 313 1358 una
333 1329 474 1358 continua
500 1329 657 1366 memoria,
687 1329 771 1358 cuius
800 1332 937 1358 auctores
966 1329 1092 1358 fortasse
1119 1329 1246 1358 fuissent
1273 1338 1487 1366 responsorum

192 1373 308 1401 oraculi
341 1373 479 1409 Delphici
513 1372 775 1401 administratores
811 1372 1011 1408 Cyrenenses,
1055 1376 1258 1409 propagantes
1300 1372 1490 1401 sacerdotum

193 1416 410 1453 Delphicorum
432 1416 606 1445 sententias.

292 1460 326 1491 F.
349 1460 532 1490 Studniczka
554 1459 735 1497 („Kyrene.“
780 1459 880 1498 lieipz.
899 1461 998 1498 1890.)
1040 1459 1262 1497 Cyrenaeorum
1282 1459 1488 1489 narrationem

194 1505 324 1534 oraculis
345 1504 488 1533 refertam
511 1507 608 1533 ortam
631 1514 696 1533 esse
716 1506 805 1541 putat
826 1514 864 1533 ex
884 1505 1018 1533 carmine
1039 1505 1207 1541 composito
1229 1507 1297 1541 post
1316 1514 1423 1542 regum
1438 1513 1488 1532 ex-

193 1548 371 1586 pulsionem,
406 1548 491 1577 cuius
523 1551 629 1577 auctor
661 1548 688 1577 ei
719 1551 821 1577 tamen
856 1548 983 1577 fortasse
1015 1548 1106 1577 etiam
1141 1548 1311 1585 antiquiora
1344 1547 1490 1585 quaedam

192 1593 408 1621 immiscuisset
429 1594 471 1630 (p.
495 1593 533 1622 95
554 1594 618 1630 sq.).
660 1592 748 1621 Idem
770 1593 851 1630 apud
872 1592 1061 1622 Roscherum
1083 1592 1226 1630 (Mythol.
1241 1592 1315 1621 Lex.
1331 1592 1380 1629 ΙΙ)
1400 1594 1491 1629 caput

193 1637 231 1666 de
253 1636 370 1673 Cyrena
391 1636 519 1674 scripsit.

293 1680 328 1709 E.
351 1680 454 1709 Maass
477 1680 577 1718 (tht.
598 1681 722 1718 gelehrt.
744 1681 820 1710 Anz.
845 1682 931 1718 1890,
951 1682 1009 1711 377
1032 1683 1087 1718 sq)
1118 1680 1324 1710 demonstrare
1355 1682 1489 1717 conatur,

194 1725 275 1763 apud
312 1724 502 1754 Herodotum
547 1728 697 1754 servatam
743 1735 809 1754 esse
843 1725 875 1753 in
916 1725 1140 1754 narrationibus
1173 1724 1490 1761 Lacedaemoniorum,

193 1769 400 1798 'Pheraeorum
430 1769 478 1805 (—
508 1779 532 1798 c.
563 1771 645 1807 149),
678 1769 898 1806 Cyrenaeorum
932 1770 972 1806 (c.
1005 1770 1174 1806 154—158)
1208 1768 1324 1797 Eoeam
1365 1768 1490 1805 „Hesio-

193 1813 299 1842 deam“
322 1812 581 1850 Euphemidarum
602 1815 723 1851 gentem
744 1813 980 1850 praedicantem,
1003 1813 1086 1841 cuius
1108 1816 1214 1842 auctor
1233 1812 1488 1841 Lacedaemonio-

192 1867 261 1886 rum
292 1860 382 1895 atque
413 1857 599 1895 Delphorum
627 1857 764 1895 partibus
794 1857 952 1886 studuerit.
990 1857 1034 1886 Cf.
1056 1857 1164 1886 Busolt
1184 1856 1219 1885 12
1239 1866 1268 1894 p.
1290 1857 1347 1887 479
1370 1866 1413 1894 sq.
1435 1856 1488 1885 11²

217 1924 222 1930 .
245 1902 304 1932 532
326 1911 369 1937 sq.

193 1912 214 1939 p
293 1946 318 1982 ³)
341 1945 443 1973 Maass
466 1945 508 1982 (p.
531 1946 590 1975 379
612 1954 679 1973 ann.
702 1946 730 1981 1,
751 1946 810 1975 381
832 1954 900 1973 ann.
923 1945 955 1982 1)
977 1944 1115 1973 librarios
1132 1944 1271 1980 antiquos
1284 1944 1428 1972 Doridem
1442 1943 1489 1972 his

195 1988 324 2018 oraculis
346 1989 483 2018 intulisse
504 1990 600 2026 putat.
649 1989 873 2026 Argumentum
895 1989 922 2017 ei
944 1990 991 2017 est
1011 1988 1107 2017 forma
1127 1987 1347 2026 pseudodorica
1369 1987 1488 2026 ,μαλο-

196 2034 332 2072 τρόφον“
356 2042 432 2070 quae
467 2033 620 2062 invenitur
654 2032 733 2070 apud
762 2032 961 2062 Plutarchum
983 2032 1035 2070 (de
1055 2032 1144 2069 Pyth.
1166 2041 1209 2061 or.
1230 2042 1256 2061 c.
1278 2033 1315 2062 27
1347 2032 1490 2069 ,Λιβύαν

191 2077 400 2115 μαλοτρόφον
421 2077 535 2113 οἶσθας
556 2077 697 2115 demost)
720 2077 874 2105 oraculum
895 2076 930 2104 II
951 2076 1135 2111 laudantem.
1177 2075 1290 2104 Contra
1305 2075 1488 2105 Studniczka

193 2120 285 2158 (apud
305 2120 507 2159 Roscherum)
530 2120 633 2150 docuit
647 2132 666 2150 α
681 2121 712 2149 in
729 2120 969 2160 „palotpdqmffl
986 2129 1047 2149 non
1062 2122 1125 2149 tam
1140 2123 1222 2149 certe
1235 2119 1487 2157 pseudodoricum

192 2174 267 2201 esse,
289 2165 369 2201 quod
393 2166 544 2202 „maliser“
568 2165 758 2202 aptissimum
780 2165 947 2202 epithetum
970 2165 1010 2193 sit
1030 2164 1155 2201 Libyae,
1176 2164 1256 2193 horti
1276 2163 1482 2200 Hesperidum

193 2209 246 2247 (cf.
258 2219 286 2246 p.
301 2211 337 2239 2⁴2
350 2219 418 2237 ann.
431 2211 475 2247 2).
490 2209 548 2247 Qui
562 2209 698 2238 concedit
709 2209 853 2246 Maassio,
864 2209 1057 2238 Herodotum
1070 2208 1224 2245 scripsisse
1238 2209 1487 2247 „pnlotpdquss

194 2256 297 2282 tamen
319 2253 472 2291 praeferet
493 2254 677 2291 existimare,
708 2254 992 2291 pseudodorismum
1013 2253 1092 2282 inter
1111 2252 1261 2282 Herodoti
1282 2255 1313 2282 et
1332 2252 1488 2281 Plutarchi

192 2300 331 2335 tempora
352 2298 383 2326 in
412 2298 533 2327 codices
565 2299 732 2335 irrepsisse,
753 2307 842 2334 quam
864 2298 1042 2335 impugnare
1070 2297 1182 2325 formas
1211 2296 1335 2326 Doricas
1364 2298 1489 2333 propter
