1770 2769
758 126 999 159 „31-

743 252 912 290 CAPUT
940 254 1005 291 VI.

562 357 638 401 De
669 358 826 401 rebus
859 356 1183 409 Aegineticis.

327 471 370 507 U.
389 471 566 518 Kohler1)
596 476 632 508 et
660 472 702 508 U.
723 472 766 508 de
785 473 1022 508 XVilamowitz
1031 472 1060 520 ²)
1078 472 1244 508 viderunt
1262 474 1514 517 narrationem,

229 538 335 570 quam
362 526 499 570 profert
525 526 734 561 Herodotus
762 526 796 562 V
823 528 868 561 89
901 527 945 561 de
980 527 1124 561 oraculo
1152 526 1435 561 Atheniensibus
1471 528 1514 562 de

228 578 322 613 bello
341 578 554 624 Aeginetico
583 579 679 626 dato,
705 591 825 615 rerum
852 583 1031 625 gestarum
1058 580 1163 615 seriei
1189 579 1279 614 falso
1306 580 1383 615 loco
1402 580 1515 615 inser-

227 636 301 667 tam
334 644 428 668 esse:
464 645 557 668 anno
585 635 654 669 457
685 634 826 679 Aegina
856 638 1026 679 superata
1052 638 1123 678 est,
1157 634 1358 680 Aeginetae
1385 646 1416 668 a.
1444 636 1512 669 487

227 686 512 722 Atheniensibus
538 687 675 722 cladem
702 687 941 732 intulerant.³)
984 686 1145 733 Spatium
1163 688 1312 733 triginta
1329 699 1513 732 annorum,

228 740 323 785 quod
357 741 393 775 in
428 741 572 777 oraculo
606 741 668 777 illo
704 745 1012 784 commemoratur,
1046 741 1190 784 indicat,
1226 742 1513 777 vaticinationem

227 794 407 837 pertinere
434 795 480 828 ad
507 795 638 829 bellum
665 796 750 829 anni
775 796 844 829 487
873 807 945 829 non
971 795 1018 829 ad
1043 807 1100 829 res
1127 807 1220 829 anno
1247 796 1317 829 506
1343 799 1473 840 gestas.

325 856 363 893 Si
381 857 475 893 idem
494 857 748 903 Athenienses,
768 859 829 904 qui
846 857 1034 893 Herodoto
1054 861 1209 893 ceteram
1227 869 1345 893 rerum
1358 857 1512 904 Aegine-

226 911 377 945 ticarum
403 912 586 946 materiem
613 912 846 957 praebebant,
882 912 989 946 etiam
1016 912 1083 946 hoc
1109 911 1292 945 oraculum
1317 911 1513 956 finxissent,

225 969 299 999 tam
334 976 442 1009 pravo
477 965 555 1000 loco
595 966 653 1000 vix
691 965 903 1000 collocatum
942 969 1047 1000 esset.
1112 964 1282 999 Fontium
1322 964 1511 1000 diversitas

228 1018 334 1052 etiam
362 1030 405 1053 ex
433 1031 474 1053 eo
501 1022 626 1064 aperta
657 1018 708 1062 fit,
746 1019 842 1063 quod
868 1023 1036 1053 narratur
1071 1030 1099 1054 c.
1129 1018 1314 1063 79—81‚⁴)
1348 1018 1512 1062 Pythiam

226 1072 394 1107 incitasse
413 1071 611 1117 Aeginetas
638 1077 763 1108 contra
780 1072 1034 1114 Athenienses,
1061 1083 1092 1111 c.
1120 1073 1176 1117 89,
1205 1083 1283 1107 eam
1309 1072 1514 1117 promisisse

227 1125 351 1160 eodem
377 1126 439 1160 illo
465 1130 625 1170 tempore
652 1126 948 1170 Atheniensibus,
976 1138 1037 1161 eos
1065 1126 1277 1161 subacturos
1304 1137 1382 1160 esse
1404 1126 1513 1171 Aegi-

226 1182 339 1215 netas.
386 1178 456 1225 Qui
483 1179 586 1215 finxit
611 1180 795 1215 oraculum
813 1180 940 1225 capitis
959 1181 1016 1222 89,
1037 1182 1248 1225 sumpserat,
1267 1178 1510 1214 Athenienses

226 1244 286 1268 eos
313 1245 402 1278 esse,
429 1235 489 1279 qui
516 1235 805 1280 aggrederentur.
857 1235 912 1269 Re
939 1246 1023 1269 vera
1041 1233 1242 1279 Aeginetae
1270 1233 1403 1268 bellum
1430 1234 1512 1268 anni

226 1288 296 1321 506
322 1287 560 1333 intulerant.⁵)
610 1288 720 1333 Fons,
748 1300 791 1323 ex
817 1300 886 1334 quo
914 1288 1077 1334 provenit
1102 1287 1170 1322 hoc
1196 1287 1380 1322 oraculum
1400 1287 1512 1322 Athe-

225 1340 357 1376 niensis
384 1353 455 1377 non
482 1346 547 1378 est.
591 1342 834 1378 Athenienses
861 1342 1031 1384 sciebant,
1059 1354 1080 1377 a
1105 1342 1231 1377 Xerxe
1259 1345 1296 1376 et
1320 1340 1513 1376 Mardonio

225 1396 344 1430 omnia
369 1395 518 1431 delubra
545 1409 669 1432 eversa
696 1409 784 1438 esse,
817 1409 933 1442 neque
962 1397 1135 1431 dixissent
1160 1395 1360 1439 Herodoto,
1397 1395 1513 1430 Aeaci

223 1452 395 1494 temenos,
431 1450 526 1495 quod
560 1450 677 1485 medio
712 1450 854 1485 demum
881 1451 1005 1496 quinto
1033 1449 1175 1485 saeculo
1203 1449 1386 1484 conditum
1414 1448 1514 1494 est,⁶)

223 1506 297 1538 tam
316 1507 493 1539 vetustum
513 1516 601 1542 esse.
645 1504 824 1540 Narrator
841 1505 1105 1540 excusationem
1124 1508 1159 1539 et
1178 1504 1349 1538 maiorem
1364 1503 1513 1549 gloriam

224 1556 281 1591 dei
304 1557 474 1603 Delphici
500 1562 682 1603 spectasse
709 1559 859 1594 videtur.
911 1558 1083 1593 Fortasse
1110 1569 1203 1592 anno
1231 1558 1299 1592 487
1328 1556 1512 1591 oraculum

224 1623 262 1646 re
289 1623 373 1647 vera
393 1612 634 1648 Athenienses
659 1613 851 1659 impulerat
877 1613 922 1647 ad
948 1612 1080 1647 bellum
1102 1611 1200 1655 illud,
1220 1611 1315 1657 quod
1333 1611 1513 1646 infelicem

224 1666 357 1699 exitum
383 1666 549 1710 habebat,
578 1667 853 1711 suscipiendum.
905 1666 1007 1701 Inter
1032 1667 1231 1711 Aeginetas
1250 1669 1286 1699 et
1304 1665 1512 1709 Apollinem

222 1718 283 1754 illo
309 1723 470 1765 tempore
497 1720 702 1756 inimicitias
729 1721 977 1756 intercessisse
1005 1732 1048 1755 ex
1075 1731 1116 1754 eo
1143 1718 1358 1754 concludere
1385 1730 1510 1764 possu-

221 1786 310 1817 mus,
338 1774 434 1819 quod
459 1778 541 1819 post
567 1787 722 1821 pugnam
741 1774 969 1810 Salaminiam
997 1774 1248 1820 provocatione
1275 1785 1365 1818 opus
1393 1777 1448 1808 est
1465 1772 1511 1807 ad

321 1922 346 1959 ¹)
370 1921 443 1958 „Die
464 1921 554 1951 Hane
581 1922 635 1951 der
654 1922 791 1951 Athener
820 1922 851 1950 in
879 1921 1017 1959 Delphi.“
1069 1920 1191 1958 (Rhein.
1223 1920 1302 1949 Mus.
1332 1921 1371 1950 46
1404 1921 1510 1958 (1891)

244 1987 250 1993 .
273 1967 357 1995 1-8.

221 1975 241 2002 p
318 2019 344 2058 ²)
362 1967 565 2057 {Aristoteles
585 2019 647 2049 und
668 2019 790 2049 Athen“
813 2019 846 2049 ΙΙ
867 2030 896 2057 p.
918 2020 1064 2051 280—88.

317 2074 344 2111 3)
367 2074 403 2103 cf.
426 2074 595 2105 WilamOW.
617 2075 647 2103 ll.
669 2077 700 2104 et
720 2074 835 2103 Busolt.
865 2073 900 2103 II
920 2084 948 2111 p.
970 2075 1028 2104 645
1049 2083 1116 2102 ann.

317 2129 345 2166 ⁴¹)
365 2128 410 2157 De
431 2128 488 2157 hoc
510 2129 631 2157 oraculo
653 2128 690 2157 cf.
713 2128 884 2158 Wilamow.
912 2128 942 2156 ll.
972 2138 1001 2165 p.
1022 2128 1079 2157 282
1112 2143 1147 2148 —
1180 2126 1298 2155 Auctor
1328 2126 1510 2155 narrationis

220 2177 345 2210 propter
363 2172 558 2202 manifestum
578 2173 797 2211 Aeginetarum
819 2173 921 2202 odium
942 2171 1136 2201 Atheniensis
1158 2180 1221 2200 esse
1242 2170 1371 2199 videtur.
1414 2170 1452 2199 cf.
1483 2181 1508 2199 c.

219 2218 274 2247 82:
295 2218 481 2256 ,,Αἰγινῆται
505 2240 510 2246 .
534 2240 540 2246 .
564 2240 569 2246 .
592 2218 739 2256 πόλεμον
759 2219 937 2256 ἀκήρυκτον
957 2216 1151 2253 Ἀθηναίοισι
1174 2217 1359 2253 ἐπέφερον,“

317 2272 341 2309 ⁵)
368 2273 391 2302 V
405 2272 443 2302 89
463 2272 653 2311 „Alycm‘lwl
672 2283 702 2300 τε
725 2272 761 2310 δὴ
783 2271 911 2309 ἐδηίουν
932 2275 983 2308 τῆς
1004 2270 1146 2307 Ἀττικῆς
1168 2270 1203 2298 τὰ
1225 2269 1509 2308 παραθαλάσσια.“

315 2326 341 2364 6)
363 2326 595 2355 Demonstratur
615 2326 671 2354 hoc
693 2335 711 2354 a
732 2325 964 2355 Wilamowitzio
986 2335 1014 2361 p.
1037 2325 1092 2354 281
1115 2333 1183 2352 ann.
1206 2325 1232 2353 3.
