1770 2769
729 141 970 174 -63-

268 247 416 302 Quae
448 245 732 289 obscurare
764 245 875 289 vult
906 245 1281 300 philodelphus.

189 378 300 416 Apollo
321 377 435 407 crimen
455 376 549 414 Gygis
571 375 670 405 sanxit
690 379 720 405 et
740 376 865 405 donaria
885 376 922 405 ab
944 385 979 405 eo
1001 377 1126 413 accepit.

92 424 109 454 I
131 425 177 454 14.

122 492 228 522 Testes
249 493 334 520 eraut
354 490 479 519 donaria
498 489 645 527 Delphica
666 488 816 518 amicitiae
837 488 989 526 Apollinis
1011 492 1042 517 et
1062 489 1205 525 Alyattis,

92 537 110 566 I
130 538 175 567 25.
529 534 622 562 hostis
643 532 835 562 Graecorum.

102 603 264 634 oraculum
284 601 464 639 Delphicum
486 611 503 630 a
524 601 634 630 Croeso
655 611 716 673 nop
736 601 832 639 magis
853 601 968 629 cultum
989 602 1036 629 est
1056 610 1145 637 quam
1167 600 1224 629 alia

93 648 109 677 1
129 648 176 678 92.
604 654 694 674 oracu
707 654 732 673 a.

82 715 192 753 Apollo
201 714 352 752 praedixit
359 713 513 750 versibus(
518 715 580 752 „pail
592 713 712 749 βούλου
723 735 729 741 .
739 735 745 742 .
756 714 788 741 τὸ
801 713 837 741 δέ
846 723 895 742 σοι
907 713 993 742 πολὺ
1005 713 1105 742 λώιον
1116 713 1244 751 ἀμφίς-Ἴ

86 760 155 790 185.
176 758 270 787 filium
283 758 386 787 Croesi
396 767 561 794 numquam
573 757 719 794 loquendi
729 757 905 786 facultatem
915 758 1161 793 recuperaturum
1174 765 1244 785 esse.

98 827 209 865 Apollo
230 826 351 855 oraculo
373 826 410 854 de
431 825 539 862 Halyis
560 825 798 863 transgressione
819 825 867 854 vel
888 824 978 854 simili
998 824 1116 862 prolato
1138 827 1168 852 et
1188 824 1225 853 de

93 871 110 901 1
129 872 176 902 53.
381 869 383 871 ’
406 870 494 899 sociis
514 869 673 907 iungendis
694 869 838 898 Croesum
859 868 1000 906 perdidit.

93 939 168 968 Erat
188 939 289 968 fabula
308 938 440 976 vulgaris
469 947 486 966 a
518 937 745 975 Cypselidarum
776 937 880 966 amicis
909 937 1041 974 inventa,
1071 937 1244 974 Apollinem

142 983 222 1021 patri
242 982 361 1020 Cypseli
381 982 535 1018 honorem,
558 981 702 1011 Corintho
722 981 852 1010 iudicem
873 981 1045 1019 promisisse
1067 981 1186 1009 oraculo

93 1027 124 1056 V
144 1028 183 1057 92
203 1032 230 1063 β.
942 1026 981 1062 “).

93 1096 204 1134 Apollo
218 1095 380 1133 Cypselum
394 1095 516 1125 beatum
531 1104 596 1124 esse
611 1094 798 1132 praedicavit
811 1094 962 1132 prioribus
977 1094 1093 1123 duobus
1109 1094 1244 1124 versibus

93 1140 124 1170 V
137 1142 174 1171 92
189 1152 213 1170 ε.
411 1140 523 1168 oraculi
543 1140 687 1177 (ηόλβιος
708 1140 797 1176 οὗτος
817 1141 897 1178 ἀνήρ
913 1162 919 1167 .
936 1162 942 1167 .
960 1140 1009 1177 .“).

467 1026 631 1063 (,,Ἠετι’ων
652 1027 735 1062 οὔτις
757 1036 791 1054 σε
813 1028 869 1054 τίει
885 1048 891 1053 .
908 1048 913 1053 .
931 1048 936 1053 .

93 1208 208 1237 Fabula
228 1209 314 1237 vetus
336 1217 353 1236 a
373 1207 494 1245 regibus
514 1209 681 1245 propagata
701 1209 775 1243 erat,
790 1207 963 1244 Apollinem
977 1207 1101 1236 Battum
1116 1206 1246 1243 Cyrenas

179 1252 308 1281 condere
328 1251 459 1288 iussisse,
479 1260 665 1289 regnumque
686 1251 743 1289 ipsi
765 1254 795 1280 et
815 1251 944 1289 posteris
965 1251 1145 1288 promisisse.

95 1296 252 1333 (Pindarus
273 1299 303 1324 et
323 1296 493 1332 Diodorus.)

93 1364 265 1393 Arcesilaus
285 1363 337 1392 ΙΙΙ
359 1363 511 1393 ferebatur
538 1373 665 1401 regnum
693 1363 916 1400 recuperavisse
936 1363 1087 1401 Apollinis
1108 1363 1246 1401 Delphici

93 1407 141 1436 IV
163 1409 228 1438 163.
563 1407 685 1436 oraculo
705 1407 795 1435 nisus.

234 1500 346 1538 Apollo
368 1500 530 1538 Delphicus
551 1499 681 1538 optimus
703 1489 862 1529 Clisthenis
883 1500 995 1529 amicus
1016 1502 1088 1530 erat.

126 1612 254 1650 smmi,
271 1598 427 1651 *Apollinis
449 1613 585 1644 11bera1es
605 1613 703 1650 amici,
724 1612 755 1641 vi
775 1612 867 1641 maris
888 1612 1009 1642 divitias
1031 1613 1204 1644 amiserunt.

95 1700 206 1737 Apollo
228 1709 305 1729 auno
326 1701 384 1739 437
405 1701 533 1729 fortasse
553 1701 755 1729 Athenienses
776 1701 920 1729 excitavit
940 1701 978 1729 ad
1003 1701 1115 1730 bellum
1141 1704 1245 1729 contra

211 1744 376 1782 Aeginetas
397 1744 577 1781 gerendum;
600 1744 680 1781 quod
700 1744 850 1773 infelicem
872 1744 988 1782 exitum
1007 1745 1121 1773 habuit.

93 1812 205 1850 Apollo
226 1800 416 1842 Athenarum
436 1813 591 1842 interitum
611 1806 762 1850 praedixit
782 1812 903 1842 oraculo
924 1812 980 1851 (ηῶ
1001 1813 1113 1852 μέλεοι
1136 1836 1142 1842 .
1164 1837 1171 1843 .
1194 1814 1245 1850 .“),

95 1857 231 1886 adiunxit
251 1866 355 1886 versus
380 1859 450 1893 („o²3
472 1858 600 1886 δύναται
624 1879 629 1885 .
652 1880 659 1886 .
682 1879 688 1885 .
718 1858 751 1885 τὸ
773 1859 807 1886 σὲ
836 1859 928 1886 τέκνα
956 1857 1130 1895 τ’ὀνὴσει.“)
1158 1857 1245 1887 valde

94 1898 258 1939 ambiguos,
290 1901 341 1938 qui
362 1900 566 1929 defensionem
587 1901 672 1938 arcis,
698 1910 832 1938 pugnam
850 1902 997 1938 navalem,
1018 1902 1245 1939 emigrationem

93 1943 159 1973 VH
180 1946 246 1982 140,
267 1945 348 1975 141„
512 1944 680 1982 significare
700 1947 850 1982 poteraut.

93 2012 205 2050 Apollo
219 2013 465 2042 Lacedaemoniis
479 2012 643 2041 Arcadiam
663 2022 724 2041 non
743 2002 865 2052 negavit
885 2016 916 2042 et
936 2013 1136 2051 Tegeatarum
1158 2023 1245 2052 agros

94 2065 144 2085 eos
166 2059 389 2095 expugnaturos
411 2065 476 2085 esse
506 2056 658 2094 praedixit
685 2057 798 2086 ultimis
827 2057 943 2086 duobus
969 2057 1105 2086 versibus
1133 2057 1246 2086 oraculi

93 2098 111 2128 Ι
121 2100 167 2131 66.
193 2100 314 2142 (ηόὠσω
330 2111 376 2130 τοι
394 2100 512 2140 Τεγέην
523 2124 527 2129 .
538 2101 603 2138 ..“).
615 2100 792 2130 Lacedaem.
807 2110 950 2140 magnam
963 2100 1078 2131 cladem
1093 2110 1244 2140 accepere.

171 2160 287 2198 Fabula
306 2169 464 2207 Lycurgea
484 2178 608 2207 surgens
629 2168 805 2206 Apollinem
823 2169 937 2206 honore
958 2157 1156 2212 legislationis

77 2212 110 2265 —I
131 2214 178 2244 65.
558 2213 724 2251 Spartanae
745 2214 923 2255 privabat„

93 2324 124 2353 V
144 2282 368 2357 f&lcmeonidae
388 2283 515 2319 pecunia
535 2283 664 2320 gratiam
684 2282 836 2320 Apollinis
858 2283 914 2311 sibi
940 2279 1184 2312 conciliaverunt.

94 2436 142 2466 VI
163 2439 200 2469 66
239 2393 413 2424 Cleomenes
434 2394 576 2432 Pythiam
598 2395 758 2424 Periallam
779 2396 905 2434 pecunia
926 2397 1088 2433 corrupuit.

1357 1456 1392 1505 De
1357 1277 1393 1422 amicis
1356 1033 1392 1242 munificis
1357 946 1392 996 ab
1354 729 1400 912 Apolline
1354 507 1400 693 proditis.
