1770 2769
729 86 977 120 -13—

203 192 312 228 talem
326 192 486 227 fabulam
499 192 620 237 regiae
636 191 757 227 domui
776 192 1150 227 benevolentissimam
1165 191 1312 227 subesse
1327 192 1495 228 relationi

203 246 350 283 Sosiclis
389 245 665 292 tyrannophobi.
719 246 839 282 Unum
875 250 994 281 tamen
1030 245 1159 290 obstat,
1195 246 1386 291 quominus
1418 257 1496 281 eam

203 302 322 345 talem,
350 300 493 347 qualem
520 300 626 336 offert
650 300 873 345 Herodotus,
915 300 960 337 ab
987 300 1091 336 aulae
1130 301 1341 346 tyrannicae
1381 300 1496 346 poetis

202 356 323 390 fictam
350 366 427 389 esse
455 358 621 399 putemus
649 355 721 389 sive
748 354 1002 389 adiuvantibus
1029 354 1218 399 Delphicis
1249 354 1497 389 sacerdotibus

204 409 276 445 sive
304 421 392 443 non:
420 408 619 445 oraculum:

348 465 488 508 ,,αἰετὺς
514 465 549 500 ἐν
576 468 725 512 πέτρῃσι
752 466 839 508 κύει,
867 466 957 508 τέξει
985 466 1019 501 δὲ
1046 467 1168 501 λέοντα

345 519 511 565 καρτερὸν
538 516 712 571 ω’μῆηστήν.
741 520 881 554 πολλῶν
907 515 1011 554 δ’·ὖπὸ
1036 520 1187 565 γούνατα
1211 519 1310 554 λύσει

345 573 455 608 ταῦτα’
482 587 541 608 νυν
567 573 604 608 εὐ
633 572 831 620 φράζεσθε,
857 576 1059 619 Κορίνθιοι,
1088 576 1126 609 οἲ
1148 574 1229 619 περὶ
1254 573 1359 621 καλήν

345 626 514 674 Πειρήνην
541 626 668 661 οἰκεῖτε
694 626 753 660 καὶ
780 622 975 673 ὀφρυόεντα
1002 627 1215 672 Κόρινθον.“

301 685 371 722 His
398 685 560 721 versibus
587 698 658 721 non
687 685 802 721 solum
828 686 1010 722 nobilibus
1038 687 1100 722 sed
1118 686 1282 722 omnibus
1301 685 1497 721 Corinthiis

202 741 399 786 periculum
427 740 648 785 praedicitur
674 741 863 774 imminens
890 740 935 774 ab
962 740 1023 774 illo
1051 741 1164 775 leone.
1192 740 1389 775 Manifesto
1408 740 1496 774 deus

203 795 427 839 optimatium
455 805 598 828 causam
621 793 770 838 suscipit
787 805 936 829 monens
963 793 1096 837 „wi-ui
1123 807 1181 829 νυν
1207 787 1247 829 εὖ
1276 792 1497 841 (muigeo-‘tes‘

202 848 341 883 Eadem
367 848 477 892 igitur
502 859 608 892 quam
636 851 778 881 ceterae
804 847 1096 882 narratiunculae
1116 848 1222 882 huius
1241 847 1376 882 oraculi
1396 848 1494 891 origo

202 913 273 936 non
301 904 366 936 est.
419 900 626 942 Videamus,
654 912 738 934 num
765 900 860 935 idem
888 900 1080 935 dicendum
1108 901 1154 935 sit
1180 901 1223 935 de
1251 900 1413 935 oraculo:

380 954 562 1001 ,,Ἠετιίυν,
592 954 689 1000 οἷῖτις
716 960 851 993 σεᾱτίει
878 957 1070 993 πολύτιτον
1097 957 1208 994 ἰόντα.

380 1013 502 1057 Λάβδα
528 1012 613 1054 κύει,
641 1013 735 1055 τέξει
761 1013 1023 1058 δολοοίτροχον-
1053 1012 1089 1047 ἐν
1115 1013 1151 1047 δὲ·
1177 1020 1341 1048 πεσεῖται

378 1061 523 1112 ἀνδράσι
550 1065 790 1112 μουνάρχοισι,
818 1065 1001 1101 δικαιώσει
1028 1066 1062 1101 δὲ
1091 1065 1303 1112 Κόρινθον.“

301 1126 393 1160 Mihi
420 1137 631 1170 persuasum
658 1131 722 1169 est,
751 1132 890 1170 partem
917 1126 1027 1160 fuisse
1055 1126 1122 1160 hoc
1149 1126 1332 1160 oraculum
1354 1125 1495 1160 fabulae

202 1179 389 1225 genuinae,
434 1191 514 1213 nam
559 1179 654 1224 patri
696 1179 839 1223 tyranni
883 1191 1049 1224 magnum
1093 1179 1283 1224 pollicetur
1321 1179 1493 1213 honorem

202 1233 466 1279 prselumque
495 1233 611 1278 ipsum
637 1227 810 1277 ,,οἷνδροὶσι
826 1231 1082 1279 μουνάρχοισι“
1100 1237 1239 1268 tantum
1257 1233 1495 1278 perniciosum

202 1287 278 1322 fore
306 1286 437 1332 dicit.¹)

301 1365 322 1400 1)
344 1364 450 1393 Busolt
489 1363 539 1400 (1²
568 1374 596 1401 p.
619 1365 677 1394 634
699 1373 766 1392 ann.
789 1364 820 1400 3)
852 1364 943 1392 vertit
974 1365 1173 1400 „diuatussoest
1207 1374 1261 1402 per
1294 1364 1432 1401 „puniet“
1466 1367 1496 1393 et

201 1409 274 1437 dicit
297 1408 438 1445 „Knapp,
460 1408 514 1436 Die
530 1408 716 1445 Kypseliden
739 1408 800 1436 und
815 1408 863 1437 die
877 1408 1107 1445 Kypseloslade,
1121 1408 1267 1445 Korresp.
1284 1408 1303 1437 f.
1319 1408 1347 1436 d.
1363 1408 1496 1437 Gelehrt.

200 1453 262 1482 und
283 1453 484 1482 Realschulen
502 1452 746 1490 Wiirttembergs
770 1453 852 1483 1888.
889 1452 1127 1490 (Separatabdr.)
1162 1454 1179 1484 7
1195 1452 1270 1482 fasst
1284 1453 1340 1481 mit
1355 1452 1497 1482 Duncker

201 1498 362 1526 δικαιώσει
385 1497 469 1525 nicht
492 1497 531 1525 im
554 1497 647 1525 Sinue
669 1506 727 1525 von
751 1498 920 1533 „nostdosff
944 1497 1004 1533 auf,
1027 1497 1158 1526 sondern
1179 1497 1330 1526 iibersetzt
1353 1506 1403 1533 „er
1424 1497 1498 1525 wird

200 1541 333 1570 Korinth
362 1551 430 1569 zum
453 1540 554 1570 Recht
579 1541 760 1569 verhelsen.“
813 1541 915 1570 Allein
946 1541 999 1570 das
1028 1541 1240 1578 widerspricht
1269 1541 1338 1569 dem
1369 1541 1498 1578 Sprach-

200 1585 372 1623 gebi-auehe
394 1585 549 1613 Herodots
574 1585 605 1618 (Ἰ
628 1586 693 1621 100,
715 1584 768 1612 ΙΙΙ
790 1586 842 1622 29)
865 1585 937 1622 und,
963 1585 1126 1627 wiqStein
1147 1595 1183 1613 zu
1205 1585 1303 1613 dieser
1324 1585 1417 1614 Stelle
1447 1586 1497 1614 be-

200 1629 309 1665 merkt,
341 1629 409 1657 dem
442 1628 534 1658 Sinne
566 1629 619 1657 des
651 1629 777 1657 zweiten
808 1628 944 1658 Orakels.
1007 1629 1157 1667 Ubrigeus
1188 1629 1264 1657 wird
1304 1629 1380 1658 auch
1412 1632 1497 1658 sonst

200 1675 346 1702 δικαιοῦν
367 1673 478 1711 gerade
498 1673 529 1702 in
551 1673 605 1702 der
626 1673 807 1711 Bedeutung
827 1683 886 1703 von
910 1673 1098 1711 „jemandem
1120 1674 1183 1702 sein
1204 1673 1303 1703 Recht
1324 1674 1437 1703 authun
1458 1688 1496 1697 Ξ

200 1717 371 1746 l›estrafen“
404 1717 579 1755 gebraucht.
627 1717 725 1747 Thuk.
758 1717 811 1745 ΙΙΙ
838 1719 887 1748 40.
921 1718 998 1746 Plat.
1029 1717 1118 1748 Nom.
1141 1717 1189 1745 XI
1210 1727 1239 1755 p.
1260 1719 1326 1753 934,
1348 1718 1383 1754 b3
1415 1718 1494 1748 Plut.

200 1762 293 1799 Ages.
315 1762 380 1791 23¹⁴
423 1761 560 1790 Busoltio
584 1761 827 1799 respondendum
849 1764 904 1798 est,
925 1762 1079 1791 notionem
1094 1761 1176 1790 vocis
1201 1762 1399 1798 „otnaiaioeffl
1421 1772 1493 1800 pen-

201 1807 271 1835 dere
293 1816 330 1835 ex
360 1806 523 1843 epicorum,
552 1816 680 1843 quorum
710 1816 879 1835 sermonem
908 1806 1031 1836 oracula
1058 1815 1204 1843 usurpare
1233 1806 1338 1843 solent,
1368 1816 1429 1835 non
1457 1817 1494 1837 ex

200 1850 351 1879 Herodoti
372 1860 427 1878 usu
448 1850 597 1887 loquendi.
639 1851 683 1879 At
703 1860 763 1878 non
785 1851 936 1879 invenitur
956 1850 1036 1887 apud
1051 1850 1152 1887 epicos
1170 1851 1345 1886 „dtuacdmst
1381 1851 1495 1880 Tamen

200 1894 300 1923 dicere
331 1903 500 1931 possumus,
532 1903 582 1922 eos
612 1894 668 1922 hac
693 1903 767 1923 voce
787 1904 846 1922 non
869 1894 914 1922 uti
939 1895 1074 1931 potuisse
1103 1903 1158 1931 pro
1182 1894 1339 1930 „strafen.“
1382 1894 1494 1932 Quinto

200 1938 321 1967 demum
343 1938 471 1974 saeculo,
500 1947 568 1966 cum
589 1948 648 1966 vox
672 1938 780 1975 πδίκη“
813 1938 967 1967 notionem
998 1947 1113 1975 poenae
1144 1937 1254 1974 adepta
1290 1940 1377 1975 esset,
1404 1948 1495 1976 quam

199 1982 333 2010 nondum
355 1982 447 2010 habet
468 1982 547 2018 apud
569 1982 680 2018 epicos,
707 1982 799 2010 etiam
823 1982 987 2019 πδικαιοῦν
1009 1983 1123 2010 κακόν“
1150 1981 1209 2010 dici
1230 1982 1328 2018 potuit
1349 1992 1403 2019 pro
1427 1994 1495 2020 „no-

200 2026 315 2063 λάζειν
337 2027 462 2054 κακόν.“
488 2043 523 2046 -
544 2025 647 2054 Verba
676 2025 901 2054 denominativa
928 2026 959 2054 in
980 2028 1036 2054 -όω
1063 2025 1143 2054 haud
1174 2025 1217 2053 ita
1245 2035 1313 2054 raro
1341 2026 1494 2056 notionem

200 2070 312 2099 habent
333 2069 499 2098 instruendi
521 2070 633 2107 aliquid
655 2070 754 2107 aliqua
774 2080 821 2107 ret,
852 2070 894 2099 cs:
924 2070 1076 2109 θριγκόω,
1108 2071 1240 2107 κνυζόω,
1269 2070 1406 2108 μισθόω,
1432 2081 1495 2100 στε-

199 2117 316 2153 φανόω,
347 2115 493 2152 galindo),-
530 2115 565 2143 cf.
588 2115 689 2151 etiam,
718 2124 793 2152 quae
822 2115 895 2143 dicit
923 2115 961 2144 de
991 2115 1231 2151 7,δικαιοῦσθαι-
1255 2114 1436 2145 Aristoteles
1465 2116 1496 2145 in

199 2159 270 2187 Eth.
285 2158 403 2187 Nicom.
422 2159 449 2187 V
465 2160 508 2189 11.
538 2160 647 2195 (11361,ι
663 2160 701 2189 30
725 2159 898 2195 „ddzivatov
919 2160 979 2197 γὰρ
1001 2159 1183 2187 ἀδικεῖσθαι
1205 2161 1250 2197 μὴ
1272 2159 1455 2196 ἀδικοῦντος
1476 2163 1494 2197 ἢ

200 2203 405 2231 δικαιοῦσθαι
428 2205 472 2241 μὴ
496 2203 828 2242 δικαιοπραγοῡντοςῆ
853 2207 883 2231 et
897 2203 934 2231 de
952 2203 1146 2240 „dmalmpaa⁴
1163 2202 1181 2230 l.
1194 2202 1213 2231 l.
1225 2202 1264 2232 V.
1278 2204 1315 2234 10
1331 2204 1440 2240 (11358,
1457 2204 1494 2234 12

200 2247 362 2284 „nale-Ima
386 2248 418 2276 δὲ
439 2248 572 2286 μᾶλλον
594 2248 852 2287 δικαιοπράγημα
875 2249 907 2276 τὸ
929 2249 1046 2279 κοινόν,
1075 2247 1232 2286 δικαίωμα
1254 2248 1287 2276 δὲ
1309 2248 1341 2276 τὸ
1362 2250 1495 2287 ἐπανόρ-

198 2292 295 2329 θωμα
318 2296 371 2320 τοῦ
393 2292 629 2330 &demanare-45³).
