1770 2769
746 105 993 139 -42-

318 211 689 247 Lacedaemoniorum
723 212 831 247 rebus
865 211 989 247 fictum
1002 212 1027 258 ¹)
1063 213 1131 248 hoc
1166 212 1349 247 oraculum
1384 212 1515 247 condu-

219 265 324 299 cebat
334 264 363 311 ²)
392 269 428 299 et
453 277 475 299 a
504 265 800 300 Lacedaemoniis
825 277 906 300 mea
932 265 1077 310 quidem
1103 266 1281 301 sententia
1305 266 1413 300 etiam
1431 277 1513 300 con-

217 317 350 353 fectum
377 322 441 355 est.
495 317 586 354 Cum
613 319 778 354 Busoltio
806 318 887 365 (II2
913 332 948 364 p.
976 319 1063 366 662)
1097 319 1216 354 facere
1251 331 1323 354 non
1356 331 1511 364 possum,

218 372 279 417 qui
305 375 412 417 putat
437 372 602 418 Delphos
630 373 705 407 eius
733 384 811 408 esse
838 376 1016 408 auctores.
1068 372 1216 417 Poetae,
1245 373 1305 418 qui
1332 372 1399 407 deo
1426 372 1513 407 Del-

217 425 322 471 phico
349 426 613 471 ministrabant,
648 427 736 461 artis
762 426 954 471 peritiores
981 430 1085 462 erant
1111 439 1218 472 quam
1244 426 1304 472 qui
1338 426 1514 461 dixissent

221 475 529 541 „c'z'orqucuvde'ff
560 484 597 515 et
625 479 806 525 ,,βασιλῆ.“
821 479 850 526 ³)
942 471 944 473 ¹

317 588 397 623 Iam
416 592 540 632 restat,
559 592 600 623 ut
617 588 848 633 inspiciamus
867 588 937 622 duo
956 588 1019 623 illa
1037 588 1195 633 oracula,
1215 600 1305 634 quae
1322 587 1513 623 Cretenses

219 647 256 678 et
275 641 432 688 Argivos
451 643 670 678 abstraxisse
700 641 862 677 feruntur
880 642 925 676 ab
944 642 1078 677 auxilio
1098 641 1249 677 Graecis
1267 641 1514 677 laborantibus

220 696 383 732 ferendo:

316 751 433 785 Nemo
453 750 627 785 attribuet
644 750 735 785 fonti
750 749 991 795 philodelpho,
1008 762 1100 794 quae
1119 750 1269 794 legimus
1284 750 1360 786 VII
1379 751 1445 784 169
1462 761 1513 794 sq.

219 804 263 839 de
283 804 446 839 oraculo:
478 796 529 846 „15
555 802 678 851 νήπιοι
704 801 959 851 ἐπιμέμφεσθε
978 802 1094 848 (Stein
1107 804 1209 849 conj:
1238 802 1290 838 ἔτι
1315 802 1513 850 μέμνησθε)

218 855 285 893 ὅσα
311 853 394 902 ’ὑμῖν
420 856 457 892 ἐκ
483 862 554 892 τῶν
579 856 759 892 Μενελάου
785 855 1046 903 τιμωρημάτων
1068 859 1188 899 Μίνως
1214 856 1356 902 ἔπεμψε
1381 859 1514 904 μηνίων

219 911 432 957 δακρύματα,
469 908 524 946 ὅτι
552 910 585 945 οἱ
612 911 677 955 μὲν
703 906 742 946 οὗ
769 910 1066 957 συνεξεπρήξαντο
1093 906 1190 957 αὐτῷ
1216 910 1276 945 τὸν
1302 909 1337 946 ἐν
1363 914 1515 956 Καμικῷ

220 965 378 999 θάνατον
411 964 605 1010 γενόμενον,
642 961 745 1008 ὑμεῖς
771 964 806 999 δὲ
842 963 1006 1000 ἐκείνοισι
1032 963 1094 1010 τὴν
1120 963 1157 999 ἐκ
1184 964 1348 1011 Σπάρτης
1372 960 1513 1010 ἁρπασ-

219 1022 350 1053 θεῖσαν
375 1013 563 1063 ὑπἰἷνδρὸς
587 1017 763 1064 βαρβάρου
796 1022 975 1063 γυναῖκα.“
1021 1017 1167 1062 Delphi,
1198 1018 1227 1052 si
1258 1030 1297 1052 re
1328 1029 1412 1053 vera
1442 1017 1511 1062 Py-

218 1073 316 1109 thiae
343 1072 432 1108 haec
458 1072 567 1108 verba
595 1075 707 1119 erant⁷
735 1084 878 1108 causam
906 1070 1100 1117 habebant,
1128 1083 1191 1107 cur
1218 1071 1262 1107 de
1281 1071 1348 1107 hoc
1367 1072 1511 1107 oraculo

219 1131 391 1162 tacerent.

318 1179 493 1226 Quaestio
534 1180 685 1215 difficilis
726 1183 794 1222 est,
837 1180 1038 1225 genuinane
1082 1180 1128 1215 sit
1165 1179 1255 1215 haec
1294 1179 1510 1214 vaticinatio.

220 1235 356 1270 Contra
383 1236 639 1280 genuinitatem
667 1238 916 1279 argumentum
950 1246 1021 1269 non
1050 1238 1132 1270 sunt
1157 1234 1400 1269 trimetrorum
1426 1234 1512 1268 iam-

218 1289 379 1323 bicorum
407 1288 597 1334 vestigia,⁴)
625 1300 716 1333 quae
739 1287 839 1323 Stein
868 1287 1045 1322 detexisse
1073 1287 1138 1321 sibi
1166 1287 1322 1322 videtur:
1375 1300 1512 1331 ,,τιμω-

218 1341 384 1390 ρημάτων
407 1341 411 1388 Ι
435 1342 557 1384 Μίνως
572 1340 715 1388 ἔπεμψε
727 1343 861 1389 μηνίων
876 1340 1113 1386 δακρύματα.“
1149 1341 1309 1376 Pomtow
1318 1340 1346 1387 ⁵)
1366 1339 1513 1385 Bergkii

219 1400 467 1442 argumentum
506 1409 609 1439 „man
646 1396 766 1431 wiirde
801 1395 899 1430 nicht
935 1399 1074 1440 gewagt
1108 1395 1235 1439 haben,
1272 1394 1434 1440 Spriiche
1473 1395 1510 1429 in

219 1451 424 1485 Trimetern
450 1450 782 1494 unterzuschieben‚
810 1460 912 1484 wenn
939 1449 1039 1483 nicht
1057 1449 1113 1483 die
1133 1449 1264 1493 Pythia
1285 1449 1377 1483 auch
1396 1448 1514 1483 dieser

218 1504 329 1539 Form
356 1504 432 1539 sich
458 1504 628 1539 zuweilen
656 1504 801 1539 bedient
827 1503 949 1539 hatte“
978 1515 1051 1538 non
1077 1502 1247 1538 refutavit
1273 1502 1405 1547 dicens,
1439 1506 1512 1537 tam

218 1559 323 1602 longe
350 1558 481 1593 afuisse
510 1558 702 1593 Cretenses
729 1570 751 1592 a
776 1557 943 1603 Delphis,
983 1561 1023 1593 ut
1059 1557 1202 1591 minime
1242 1556 1378 1591 fraudis
1417 1556 1513 1591 dete-

219 1612 357 1658 gendae
385 1612 610 1647 occasionem
637 1611 692 1646 vel
718 1611 927 1646 facultatem
945 1613 1158 1646 metuerent.
1190 1608 1301 1645 Creta
1319 1621 1389 1644 non
1408 1609 1512 1654 longe

316 1700 340 1730 ¹)
361 1699 447 1729 Stein
469 1700 518 1737 (ad
539 1699 651 1735 22020)
675 1701 705 1728 et
722 1698 896 1728 Welzhofer
919 1698 1012 1735 („Zur
1027 1697 1210 1727 Geschichte
1234 1697 1288 1726 der
1301 1697 1513 1735 Perserkriege

218 1744 275 1772 V.“
318 1744 426 1773 Jahrb.
448 1744 468 1772 f.
491 1744 526 1772 cl.
549 1743 626 1771 Phil.
649 1754 676 1771 u.
698 1743 789 1771 Paed.
812 1744 869 1773 145
891 1743 993 1780 (1892)
1015 1752 1044 1779 p.
1066 1743 1137 1777 66³)
1169 1744 1287 1778 putant,
1319 1741 1422 1770 datum
1449 1750 1512 1770 esse

219 1792 289 1816 ante
310 1790 451 1816 eventum
472 1787 529 1816 hoc
551 1787 714 1815 oraculum.
757 1786 802 1815 At
816 1786 925 1823 Delphi
947 1786 1058 1814 audere
1079 1795 1139 1814 non
1154 1787 1316 1822 potuerunt
1330 1784 1512 1821 praedicere,

220 1834 271 1859 aut
292 1840 395 1869 regem
417 1831 595 1859 moriturum
618 1833 669 1858 aut
690 1830 832 1867 Spartam
854 1829 1045 1860 interituram
1068 1838 1141 1865 esse,
1168 1838 1235 1857 cum
1265 1828 1306 1856 nil
1337 1828 1432 1866 magis
1462 1838 1512 1856 ex-

221 1876 417 1912 spectandum
439 1878 526 1911 esset,
550 1884 639 1911 quam
660 1883 747 1912 reges
770 1884 838 1903 cum
860 1874 934 1902 urbe
956 1883 1022 1902 esse
1045 1874 1204 1910 perituros.

314 1919 338 1957 2)
360 1919 397 1948 cf.
429 1919 467 1947 A.
497 1919 652 1947 Hauvette
683 1918 867 1954 „Herodote,
904 1918 1050 1946 historien
1092 1917 1145 1946 des
1175 1926 1297 1954 guerres
1334 1916 1509 1953 mediques⁴⁴

219 1962 316 1999 (Paris
340 1964 429 1995 1894)
452 1973 481 2000 p.
503 1963 577 1992 556:
601 1961 666 1999 „On
688 1968 850 2000 augmenta
870 1962 899 1990 la
919 1962 1014 1999 gloire
1036 1961 1075 1989 du
1104 1961 1193 1989 heros
1222 1969 1259 1989 en
1289 1960 1424 1989 exaltant
1455 1970 1510 1989 son

220 2006 362 2044 sacrifice,
385 2010 415 2035 et
436 2017 475 2035 on
497 2007 632 2035 excusait
652 2006 692 2035 du
714 2006 811 2035 meme
833 2016 911 2043 coup
926 2015 1002 2034 ceux
1017 2005 1067 2042 qui
1081 2005 1223 2034 l'avaient
1237 2005 1261 2034 si
1275 2005 1337 2033 mal
1352 2004 1507 2034 seconde.“

315 2052 338 2087 ³¹¹)
360 2051 397 2080 cf.
434 2050 470 2079 G.
494 2051 608 2087 Meyer.
667 2050 786 2079 Griech.
810 2050 977 2079 Grammat.
1000 2060 1028 2086 p.
1050 2051 1106 2079 431
1130 2051 1166 2085 (ἓ.
1188 2050 1270 2084 332);
1299 2049 1368 2077 Hae
1397 2049 1512 2077 formae

218 2096 282 2132 111-ῆ
305 2094 583 2176 ἶῙΞυῗΙΕυήρῗωη
606 2096 634 2123 et
656 2094 685 2167 ip
708 2094 875 2167 iugitioribus
897 2093 1366 2176 t}t1‡llisVII)Ior1igi9s-Iinvenigntulfi'
1449 2136 1512 2173 (112

364 2152 376 2167 1
401 2148 476 2167 oneo
527 2148 579 2167 aec
608 2148 664 2167 oon
680 2148 713 2167 ra
772 2148 884 2167 6111111111
926 2147 943 2166 a
1151 2146 1160 2171 p
1189 2146 1204 2166 e
1279 2146 1331 2165 uso
1359 2146 1420 2165 lum

218 2194 246 2221 p.
268 2184 339 2264 6585))
360 2186 392 2256 3³1?
421 2227 460 2257 R.
488 2227 690 2256 Pomtowium
728 2227 979 2264 („Quaestionum
1012 2227 1049 2255 de
1077 2226 1203 2255 oraculis
1233 2229 1323 2263 caput
1353 2226 1510 2254 selectum:

216 2272 261 2300 De
283 2272 412 2300 oraculis
435 2280 511 2308 quae
533 2274 651 2300 exstant
672 2272 810 2300 trimetro
826 2271 955 2299 iambico
970 2271 1173 2307 compositis.“
1206 2270 1283 2298 Diss.
1300 2270 1397 2298 Berol.
1417 2270 1511 2305 1881.)

239 2338 244 2343 .
268 2316 394 2345 24—27.
