1770 2769
822 109 1040 141 -8-

376 212 649 261 Transeamus¹)
677 214 723 249 ad
751 226 802 259 ea,
831 226 923 260 quae
942 214 986 249 de
1014 214 1124 250 caede
1145 214 1341 250 Candaulis
1359 214 1576 251 Heraclidae

277 273 314 304 et
352 269 395 304 de
430 267 532 314 Gyge
572 268 775 314 munific02)
819 267 1001 314 Apollinis
1038 269 1153 304 amico
1197 268 1334 314 profert
1365 269 1576 304 Herodotus

277 323 297 357 Ι
325 324 456 357 8-12.
510 321 700 366 Schubert,
741 323 788 367 (p.
817 324 862 357 25
895 334 922 357 s.
955 330 1005 367 q.)
1032 323 1089 357 cui
1115 323 1308 358 assentitur
1338 322 1478 368 Busolt,
1505 322 1578 369 (Π2

278 390 311 422 p.
345 377 444 423 457.)
476 380 591 422 putat,
635 377 728 411 hanc
760 377 1002 411 narrationem
1035 375 1149 422 Gygis
1182 376 1378 412 studiosam
1409 376 1576 413 haustam

280 443 357 465 esse
397 443 440 465 ex
480 431 579 465 fonte
618 430 861 475 philodelpho,
895 430 1086 465 Nicolaum
1117 430 1423 476 Damascenumss)
1456 434 1578 466 autem

280 496 323 519 ex
352 484 493 518 Xanthi
520 484 613 518 libro
641 484 802 519 Tudonis
828 484 974 528 reginae
1002 495 1146 518 causam
1175 487 1307 528 secuto,
1335 484 1576 530 desumpsisse

282 551 334 580 ea,
368 550 460 584 quae
493 538 537 573 de
574 538 697 573 eadem
733 550 771 573 re
798 542 933 573 narrat.
985 538 1042 573 Ex
1080 538 1262 574 Herodoti
1293 542 1400 584 atque
1434 538 1578 574 Nicolai

279 593 504 633 testimoniis,
542 593 672 637 quibus
704 593 844 627 accedit
882 592 1014 636 fabula,
1047 604 1154 637 quam
1194 593 1343 637 legimus
1382 592 1426 627 de
1460 591 1574 637 Gygis

278 642 386 675 anulo
413 641 510 686 apud
536 640 775 686 Platonem‚⁴)
803 640 981 675 Schubert
1005 641 1096 675 effici
1122 645 1234 686 putat,
1263 639 1400 685 Gygem
1427 652 1575 675 necasse

279 707 317 729 re
358 706 441 729 vera
480 706 602 740 regem
633 694 867 729 dormientem
899 695 1023 738 regina
1059 694 1235 729 adiutrice
1266 694 1468 739 lectumque
1500 694 1576 729 eius

279 752 315 783 et
340 760 488 793 regnum
516 759 721 792 usurpasse.
784 748 836 782 At
869 747 1064 782 Eduardus
1090 747 1217 793 Meyer
1243 747 1301 794 (ΙΙ
1327 760 1361 792 p.
1389 747 1477 794 458)
1503 748 1574 781 iam

278 801 465 846 intellexit,
507 801 751 836 narrationem
791 801 835 835 ab
875 800 1066 835 Herodoto
1107 801 1150 835 de
1191 800 1388 836 Candaulis
1426 801 1575 836 interitu

278 855 455 900 prolatam
482 855 534 889 nil
560 867 638 890 esse
657 855 726 890 nisi
745 855 888 890 fabulae
907 855 1119 890 Platonicae
1138 855 1288 890 formam
1316 855 1493 890 communi
1519 866 1574 890 ra-

279 910 368 944 tioni
407 910 626 955 adaptatam.
680 909 786 944 Hanc
817 921 892 944 rem
923 909 1076 944 fortasse
1108 909 1238 954 aliquis
1273 910 1451 944 invertere
1491 920 1573 944 con-

278 964 408 1007 abitur,
440 963 606 998 Platonis
645 963 804 997 fabulam
843 967 1047 1007 corruptam
1090 974 1167 997 esse
1208 963 1358 997 formam
1390 963 1575 998 relationis

278 1016 498 1051 Herodoteae
526 1016 717 1053 affirmans.
775 1016 847 1051 Sed
879 1028 957 1050 meo
989 1016 1132 1061 quidem
1163 1016 1295 1051 iudicio
1327 1016 1406 1051 fieri
1436 1017 1473 1051 id
1503 1029 1575 1051 non

278 1074 407 1115 potest,
436 1070 533 1115 quod
559 1071 629 1104 iam
656 1071 693 1104 in
720 1071 782 1115 eis,
802 1082 893 1115 quae
913 1069 1087 1105 Xanthus
1113 1069 1210 1115 apud
1236 1069 1426 1105 Nicolaum
1452 1070 1574 1114 tradit,

279 1124 437 1158 studium
464 1124 621 1158 auctoris
648 1124 799 1158 alicuius
826 1123 984 1158 fabulam
1012 1123 1237 1158 Platonicam
1263 1124 1436 1158 mutantis
1462 1124 1570 1158 mani-

278 1177 511 1212 festissimum
530 1181 593 1220 est,
622 1177 733 1211 multo
760 1176 982 1211 manifestius
1010 1188 1116 1221 quam
1144 1176 1241 1222 apud
1255 1176 1494 1221 Herodotum,
1514 1177 1575 1212 ubi

278 1230 498 1276 lepidissima
529 1231 702 1266 narrandi
733 1234 811 1266 arte
843 1230 996 1266 velatur:
1028 1230 1170 1266 Nicolai
1204 1234 1340 1274 auctor,
1373 1231 1434 1276 qui
1461 1229 1575 1277 Gygis

277 1286 402 1319 miram
443 1285 651 1320 facultatem
693 1297 735 1319 ex
767 1286 973 1319 narratione
1004 1285 1203 1329 amovebat,
1237 1286 1494 1329 stuprationem
1520 1296 1573 1320 re-

276 1339 366 1384 ginae
386 1339 630 1383 compensavit
643 1338 705 1373 illo
725 1338 1153 1385 ,,προσεφιλοφρονεῖτο,“
1172 1338 1265 1383 quia,
1282 1350 1362 1372 cum
1378 1337 1500 1383 Gyges
1519 1350 1573 1373 as—

278 1392 465 1437 pectabilis
505 1393 541 1426 in
581 1392 784 1427 cubiculum
823 1393 958 1428 intrare
1009 1404 1081 1427 non
1127 1395 1259 1437 posset,
1299 1404 1374 1427 rem
1417 1393 1452 1427 in
1496 1392 1574 1427 rhe-

278 1446 359 1479 dam
378 1445 568 1480 transferri
587 1458 735 1480 necesse
764 1450 851 1481 erat.
906 1445 1011 1489 Apud
1026 1446 1216 1480 Nicolaum
1237 1444 1360 1490 Gyges
1379 1445 1425 1479 ab
1444 1445 1574 1479 ancilla

277 1510 397 1533 amore
417 1499 492 1533 eius
512 1503 618 1543 capta
646 1499 831 1543 comperit,
851 1510 970 1543 regem
991 1499 1024 1533 ei
1042 1499 1244 1532 minitatum
1263 1509 1341 1532 esse
1360 1501 1512 1535 mortem
1537 1498 1574 1532 in

280 1552 460 1586 cubiculo:
475 1553 512 1586 in
526 1552 648 1587 fabula
663 1553 818 1597 genuina
834 1551 972 1597 Gygen]
987 1553 1102 1600 ipsum
1117 1553 1153 1586 in
1169 1551 1334 1587 cubiculo
1349 1556 1573 1597 praesentem

375 1666 396 1702 ¹)
418 1666 582 1703 Tangimus
605 1665 662 1693 hoe
683 1665 749 1694 loco
765 1665 972 1702 quaestionem
986 1665 1069 1693 illam
1084 1664 1245 1700 difficilem,
1261 1664 1440 1700 Lydiacisne
1451 1659 1569 1692 'Xanthi

277 1709 452 1739 Herodotus
473 1720 544 1739 usus
567 1709 614 1738 sit.
665 1709 869 1742 Hachtmann.
892 1709 944 1747 qui
964 1709 1021 1738 hoc
1042 1709 1172 1747 probare
1195 1708 1321 1745 studuit,
1353 1708 1431 1746 („De
1457 1708 1574 1737 ratione

278 1755 357 1782 inter
376 1754 492 1783 Xanthi
515 1754 660 1783 Λυδιακὰ
682 1757 711 1782 et
734 1754 884 1783 Herodoti
905 1754 1021 1790 Lydiae
1043 1754 1229 1782 historiam.“
1266 1752 1372 1789 Progr.
1389 1753 1459 1783 Hal.
1477 1754 1573 1789 1869.)

276 1797 425 1826 refutatus
448 1802 492 1826 est
513 1808 530 1826 a
550 1798 585 1826 B.
600 1797 703 1829 Heilio
720 1797 965 1835 („Logographis
988 1798 1039 1834 qui
1061 1797 1202 1826 dicuntur
1222 1806 1295 1825 num
1310 1796 1487 1826 Herodotus
1502 1806 1572 1826 usus

276 1851 342 1870 esse
363 1842 528 1871 videatur.“
572 1842 648 1871 Diss.
671 1842 769 1879 Marp.
793 1843 890 1878 1884).
932 1842 976 1870 At
997 1851 1075 1870 anno
1098 1842 1174 1871 1886
1195 1840 1308 1869 Paulus
1323 1840 1460 1870 Pomtow
1474 1840 1572 1870 denuo

278 1887 457 1915 sententiam
479 1887 573 1915 tuitus
595 1889 650 1922 est,
672 1886 829 1914 Xanthum
851 1886 1002 1915 Herodoti
1032 1895 1095 1915 esse
1126 1885 1249 1914 fontem.
1300 1885 1378 1921 („De
1399 1885 1522 1914 Xantho
1544 1888 1574 1914 et

276 1930 436 1958 Herodoto
464 1940 566 1959 rerum
588 1930 754 1966 Lydiarum
786 1930 1011 1967 scriptoribus.“
1062 1930 1139 1957 Diss.
1170 1929 1253 1965 Hal.)
1302 1928 1482 1966 Opinionem
1510 1929 1572 1957 eius

251 2008 254 2013 ἱ
275 1984 335 2002 non
356 1974 520 2011 pervicisse
541 1974 658 2003 videbis
680 1974 792 2012 legens,
826 1983 903 2011 quae
924 1973 961 2002 de
982 1974 1039 2002 hac
1067 1983 1100 2002 re
1128 1973 1204 2002 bene
1231 1972 1348 2002 dieunt:
1378 1973 1416 2001 A.
1439 1973 1476 2002 de
1497 1972 1573 2002 Grut-

275 2018 408 2055 schmid,
451 2019 517 2056 (Kl.
553 2018 715 2055 Schriften,
748 2019 805 2047 vol.
838 2017 886 2046 IV
920 2028 948 2055 p.
985 2019 1051 2048 311.
1105 2017 1190 2055 Lips.
1227 2017 1332 2055 1893),
1366 2017 1423 2046 Ed.
1459 2017 1573 2054 Meyer,

275 2062 506 2101 ‹Forschungen
538 2073 591 2091 zur
623 2063 704 2091 alten
736 2062 928 2091 Geschichte.
983 2061 1009 2090 Ι.
1041 2061 1113 2090 Hal.
1146 2062 1231 2098 1892,
1263 2072 1291 2098 p.
1321 2063 1387 2098 167,
1418 2062 1474 2092 182
1503 2064 1571 2097 ete.)

273 2106 394 2142 (Gesch.
417 2107 445 2135 d.
467 2107 600 2136 Alterth.
623 2106 657 2135 11
679 2116 706 2143 p.
731 2108 788 2142 12),
831 2106 937 2135 Busolt
958 2105 1025 2143 (Π2
1040 2115 1068 2142 p.
1083 2106 1164 2141 452),
1199 2104 1231 2134 C.
1249 2105 1449 2134 Wachsmuth
1464 2105 1566 2143 („Ein-

275 2151 391 2188 leitung
412 2151 442 2179 in
463 2151 516 2179 das
540 2151 680 2180 Studium
704 2151 757 2179 der
779 2150 861 2179 alten
882 2149 1089 2178 Geschichte.“
1133 2149 1215 2186 Lips.
1238 2150 1324 2187 1895,
1344 2160 1372 2186 p.
1395 2151 1477 2187 466.)

372 2204 398 2242 2)
419 2204 457 2233 cf.
479 2204 496 2233 Ι
518 2205 564 2234 14.

373 2258 397 2294 3)
419 2258 453 2287 fr.
476 2259 523 2289 49.

376 2314 401 2350 4)
423 2313 459 2342 de
481 2323 513 2342 re
535 2313 616 2350 publ.
640 2312 674 2341 II
695 2314 722 2351 3,
744 2323 772 2350 p.
794 2314 862 2349 359,
883 2313 949 2342 360,
