1770 2769
767 140 1005 173 -41—

240 244 296 280 Re
332 256 417 280 vera
450 245 606 288 oraculo,
640 245 698 280 cui
730 257 853 280 versus
879 247 998 280 8--12
1028 245 1187 280 nondum
1220 245 1379 280 adiuncti
1414 250 1528 290 erant,

241 297 367 333 confisi
416 297 702 343 quattuordecim
750 298 824 332 fere
867 298 1004 333 dierum
1055 299 1275 333 obsidionem
1318 299 1528 334 sustinuisse

240 350 449 398 videntur.¹)
499 350 571 397 Qui
588 363 745 397 pugnam
761 351 934 396 navalem,
953 353 1014 397 qui
1032 353 1310 397 emigrationem,
1329 354 1389 398 qui
1407 353 1528 387 defen-

239 406 376 440 sionem
401 406 494 440 arcis
521 404 829 450 commendabant,
863 417 985 440 omnes
1019 406 1065 440 ad
1099 406 1155 440 dei
1192 407 1300 440 verba
1332 418 1527 451 provocare

239 462 418 505 poterant.
461 458 582 494 Huius
616 458 751 493 oraculi
778 458 1020 504 ambiguitatis
1052 459 1212 504 pudebat
1246 460 1409 505 Delphos
1445 464 1528 505 post

240 513 382 548 bellum.
410 513 540 558 Itaque
566 512 748 547 finxerunt
774 512 929 557 quinque
956 524 1078 547 versus
1106 515 1235 556 8-12‚
1263 515 1323 558 qui
1350 514 1429 549 luce
1457 514 1526 548 cla-

239 567 313 600 rius
340 566 629 600 demonstrarent
651 576 771 611 naves,
798 576 869 599 non
887 565 1082 610 acropolin,
1108 577 1184 600 esse
1203 566 1359 611 ligneum
1376 579 1525 610 murum,

237 620 368 665 quique
385 631 541 666 pugnam
556 618 786 655 Salaminiam
803 618 1000 654 manifestis
1018 619 1135 654 verbis
1149 620 1409 664 praedicerent.
1437 620 1526 666 Quis

239 686 311 708 non
346 673 547 709 delectatur
578 673 707 708 callido
742 685 847 707 versu
879 670 924 720 „32¹
954 686 1028 708 που
1053 673 1285 719 σκιδναμένης
1312 673 1527 722 Δημήτερος

241 726 263 774 ἥ
288 726 516 773 συνιούσης,“
543 727 603 771 qui
629 726 905 772 praecedentem
930 725 1055 760 fulcire
1082 725 1211 762 debet?

337 791 590 833 Athenienses,
617 802 689 825 non
714 790 863 835 Delphi,
898 790 959 835 qui
985 790 1253 834 ambiguitatem
1289 791 1423 825 oraculi
1452 804 1524 826 non

240 844 498 889 concedebant,
532 843 720 878 Herodoto
755 843 967 889 praebuere,
1003 855 1094 888 quae
1131 843 1299 888 leguntur
1329 856 1358 877 c.
1389 845 1453 878 142
1482 844 1525 878 de

240 898 302 940 eis,
330 898 390 943 qui
415 897 593 943 putabant
631 897 814 942 acropolin
842 908 920 931 esse
947 896 1124 942 refugium
1150 908 1172 931 a
1198 896 1264 931 deo
1292 897 1525 942 designatum.

238 950 499 996 Philodelphus
513 954 634 985 autem
647 950 836 985 Herodoto
855 950 1056 984 narravisse
1071 950 1212 984 videtur
1229 950 1273 984 de
1288 950 1526 985 Themistocle

239 1004 384 1039 ultimos
410 1016 532 1039 versus
559 1004 690 1049 optime
716 1004 976 1049 interpretante
1004 1003 1049 1050 (c.
1077 1003 1172 1049 143).

337 1118 536 1152 Leonidam
562 1129 641 1152 cum
667 1129 779 1163 parva
804 1128 912 1152 manu
938 1128 959 1152 a
977 1117 1273 1152 Lacedaemoniis
1299 1118 1404 1153 morti
1431 1117 1527 1152 obla-

240 1176 316 1208 tum
343 1184 432 1217 esse,
466 1184 537 1208 non
571 1173 751 1207 miramur.
796 1170 980 1217 Optimum
1007 1176 1085 1207 erat
1110 1172 1177 1207 hoc
1205 1173 1419 1217 ephororum
1446 1185 1527 1207 con-

240 1226 366 1270 silium,
402 1238 484 1261 nam
511 1226 688 1261 exercitus
714 1226 828 1260 maior
852 1229 1001 1271 propter
1026 1225 1180 1269 Argivos
1215 1227 1251 1260 in
1279 1226 1526 1271 Peloponneso

236 1279 434 1315 desiderari
468 1292 539 1315 non
573 1279 761 1327 poterat.²)
818 1278 1025 1315 sufficiebat
1051 1279 1233 1315 Leonidas
1268 1292 1348 1315 cum
1383 1281 1454 1315 suis
1482 1280 1526 1315 ad

233 1334 415 1379 'cogendas
442 1346 563 1368 omnes
590 1334 762 1376 civitates,
790 1346 941 1378 quarum
967 1334 1056 1368 fides
1083 1334 1191 1368 dubia
1219 1338 1307 1378 erat,
1341 1338 1381 1368 ut
1408 1334 1527 1368 odium

232 1387 368 1422 Xerxis
393 1388 429 1422 in
457 1399 494 1422 se
521 1388 744 1422 concitarent
761 1387 799 1422 id
818 1387 914 1432 quod
932 1387 1178 1431 gravissimum
1203 1387 1280 1422 fuit.
1326 1386 1419 1423 Sane
1446 1392 1527 1432 post

235 1440 368 1476 bellum
407 1440 576 1487 Spartani
614 1453 685 1476 non
724 1440 980 1486 concedebant,
1020 1453 1107 1487 prae
1142 1441 1360 1487 Argivorum
1398 1442 1526 1477 timore

235 1495 435 1529 Leonidam
461 1495 639 1530 obiectum
667 1507 744 1530 esse
771 1495 880 1530 hosti:
908 1495 986 1530 VII
1005 1497 1076 1530 220
1103 1495 1262 1542 legimus,
1291 1507 1361 1541 qua
1388 1495 1527 1530 ratione

234 1553 317 1594 post
343 1553 509 1584 eventum
526 1561 563 1584 se
582 1550 845 1584 excusaverint:
875 1547 1081 1596 „ezelonem
1107 1549 1173 1595 γὰρ
1198 1545 1271 1584 ὑπὸ
1297 1554 1360 1596 τῆς
1386 1551 1528 1596 Πυθίης

231 1608 334 1637 ’τοῖσι
352 1602 593 1650 Σπαρτιήτῃσι
616 1605 847 1649 χρεωμένοισι
873 1604 956 1649 περὶ
982 1607 1045 1637 τοῦ
1071 1603 1226 1647 πολέμου
1252 1603 1377 1637 τούτου
1400 1598 1527 1637 αὐτίκα

239 1656 315 1690 κατ’
334 1652 444 1702 ἀρχὰς
469 1655 697 1703 ἐγειρομένου,
725 1653 1010 1704 ἢΛακεδαίμονα
1035 1651 1234 1691 ‹indutam›
1258 1659 1430 1702 γενέσθαι
1456 1652 1521 1692 irc*

236 1714 308 1744 τῶν
333 1710 522 1757 βαρβάρων
547 1708 567 1758 ἢ
592 1709 652 1746 τὸν
678 1711 827 1757 βασιλέα
853 1713 974 1758 σφέων
1000 1707 1216 1747 ἀπολέσθαι.
1256 1715 1370 1746 ταῦτα
1396 1711 1433 1745 δέ
1458 1722 1525 1758 σφι

237 1762 274 1799 ἐν
300 1763 402 1800 ἔπεσι
429 1763 647 1812 ἑξαμέτροισι
673 1769 741 1813 χρᾷ
765 1765 911 1812 λέγοντα
937 1759 1014 1800 ὦδε·

357 1824 440 1873 ὑμῖν
465 1828 505 1872 δ’,
533 1822 561 1863 ὦ
588 1828 752 1876 Σπάρτης
778 1828 954 1877 οἰκήτορες
979 1824 1188 1875 εὐρυχόροιο,

357 1879 377 1929 ἢ
401 1884 492 1928 μέγα
517 1878 606 1917 ἄστυ
632 1881 783 1928 ἐρικυδὲς
808 1879 868 1918 ὑπ’
895 1878 1043 1928 ἀνδράσι
1070 1882 1277 1930 Περσεΐδησι

353 1938 541 1982 πέρθεται,
569 1933 590 1983 ἢ
615 1935 656 1971 τὸ
680 1936 744 1981 μὲν
770 1932 856 1981 οὕχί,
883 1932 949 1984 ἀφ’
976 1932 1179 1982 Ἡρακλέους
1204 1936 1245 1988 δὲ·
1267 1937 1436 1983 γενέθλης

353 1989 529 2037 πενθήσει
555 1990 683 2037 βασιλῆ
710 1992 890 2037 φθίμενον
916 1989 1180 2034 Λακεδαίμονος
1207 1989 1309 2036 οὐρος

353 2039 393 2078 οὗ
419 2043 486 2090 γὰρ
511 2043 571 2079 τὸν
596 2043 734 2090 ταύρων
759 2043 880 2092 σχήσει
906 2047 1010 2089 μένος
1037 2039 1114 2079 οὐδὲ
1140 2043 1291 2079 λεόντων

350 2093 523 2145 (ἕντιβίην.
551 2097 659 2145 Ζηνὸς
684 2097 752 2144 γὰρ
777 2097 847 2143 ἔχει
872 2098 985 2143 μένος·
1015 2093 1094 2134 οὐδὲ
1120 2096 1136 2133 ἑ
1164 2100 1257 2145 φημί

349 2151 559 2201 σχήσεσθαι,
588 2153 672 2200 πρὶν
698 2153 799 2189 τῶνδ’
826 2151 942 2200 ἕτερον
968 2151 1025 2188 διὰ
1053 2151 1174 2188 πάντα
1200 2151 1382 2200 δάσηται.“

332 2289 357 2326 1)
379 2289 416 2319 cf.
440 2289 545 2317 Busolt
567 2288 618 2317 ΙΙ2
639 2299 667 2326 p.
689 2289 756 2318 695.

331 2342 357 2379 ‘-')
382 2342 420 2372 cf.
443 2342 550 2371 Busolt
570 2342 623 2370 112
643 2352 672 2379 p.
694 2343 759 2378 677,
782 2351 848 2370 ann.
871 2343 897 2371 3.
