1770 2769
785 134 1026 167 —59-.

269 241 489 283 Σπαρτιῆται
515 240 685 283 γενέσθαι
711 236 747 272 ἐν
773 243 814 285 τῇ
841 238 1078 283 Λακεδαίμονι
1103 239 1191 274 κατὰ
1216 242 1333 287 τρίτην
1350 240 1472 287 γενεὴν
1489 241 1555 276 τὶν

229 318 233 321 -
265 292 329 331 ἀπ’
356 294 439 340 ἐμέο
468 296 621 331 Γλαῦκον
646 292 852 338 Ἐπικύδεος
876 296 1005 339 παῖδα·
1048 303 1170 333 τοῦτον
1195 298 1253 335 τὸν
1280 296 1387 345 ἄνδρα
1414 300 1551 347 φαμὲν“

268 360 302 389 et
332 357 623 401 77συιένειχθῆνοτι
649 354 686 389 δέ
712 353 746 389 οἱ
773 355 810 390 ἐν
832 355 944 401 χρόνῳ
971 354 1157 403 ἱκνευμένῳ
1184 358 1266 392 τάδε
1291 359 1468 403 λέγομεν.“

364 413 421 447 Ex
447 412 545 448 fonte
564 412 780 449 Atheniensi
805 412 935 449 hausta
953 425 1031 449 esse
1049 415 1225 460 videntur,
1252 428 1342 462 quae
1361 421 1554 453 narrantur

267 467 322 503 VI
357 469 402 501 34
439 479 490 512 sq.
527 467 569 501 de
609 467 853 502 Doloncorum
893 464 1052 513 regibus,
1093 470 1154 514 qui
1192 470 1337 505 oraculo
1376 471 1554 516 Delphico

266 521 409 555 iubente
437 520 638 555 Miltiadem
673 521 946 556 arcessiverunt.
998 521 1101 556 Haec
1135 526 1171 557 et
1202 523 1272 557 alia
1305 524 1427 568 multa,
1462 536 1553 569 quae

266 574 361 620 apud
379 574 605 610 Herodotum
626 574 669 610 de
687 574 864 611 Philaidis
881 579 1086 624 narrantur,
1102 575 1329 623 traditionem
1345 577 1555 613 familiarem

265 628 438 665 redolent.
466 629 558 664 Item
577 629 733 674 oracula,
761 642 853 675 quae
873 630 1074 666 Tisamenis
1092 630 1172 666 Elei
1191 631 1266 676 (IX
1286 631 1345 677 33)
1373 636 1408 667 et
1425 632 1555 667 Euenii

265 681 522 727 Apolloniatae
537 683 615 728 (IX
630 685 691 725 93)
710 684 966 718 divinationem
983 684 1206 729 praedicunt,
1227 684 1272 719 ab
1291 685 1417 720 horum
1435 689 1555 720 vatum

267 735 433 780 gentibus
459 735 690 781 pervulgatae
717 748 794 772 esse
821 736 997 772 videntur.

363 790 419 824 Ex
454 790 489 825 V
523 792 567 825 85
604 794 639 825 et
674 792 719 825 86
760 791 921 835 efficitur,
962 792 1143 826 oraculum
1186 792 1392 837 Epidauriis
1432 793 1554 828 datum

266 843 318 889 (V
345 843 407 889 82)
446 843 697 889 depromptum
736 856 813 880 esse
854 857 896 879 ex
922 844 1200 880 Atheniensium
1233 849 1269 880 et
1296 846 1554 892 Aeginetarum

265 897 543 934 narrationibus.
596 897 751 933 Athenis
776 898 960 933 inventum
987 903 1042 934 est
1079 900 1186 934 etiam
1225 900 1419 942 oraculum,
1460 900 1556 945 quod

266 950 338 997 (VI
368 951 451 998 139)
478 951 607 986 Lemni
634 953 932 998 expugnationem
962 964 1133 988 excusare
1160 952 1277 999 vult.¹)

363 1005 462 1039 Parii
488 1004 675 1040 Herodoto
702 1010 812 1041 testes
839 1011 943 1041 erant
968 1007 1104 1042 oraculi
1132 1008 1187 1041 VI
1215 1009 1282 1042 135
1309 1008 1457 1051 laudati,
1485 1019 1555 1052 quo

266 1058 353 1093 deus
373 1058 569 1103 Delphicus
597 1071 658 1094 eos
684 1063 847 1094 vetuerat
874 1060 1086 1105 supplicium
1114 1061 1158 1095 de
1193 1061 1342 1095 Timone
1370 1061 1556 1096 sacerdote

266 1112 405 1157 perfida
432 1112 615 1159 sume1·e.²)

364 1166 421 1200 De
449 1167 619 1201 trimetris
641 1167 802 1202 iambicis
822 1166 960 1202 Cnidiis
979 1168 1072 1203 datis
1091 1168 1126 1214 (I
1148 1168 1231 1215 174)
1250 1168 1460 1203 Herodotus
1478 1169 1555 1213 ipse

272 1220 375 1254 dicit:
406 1215 476 1262 „153
502 1216 603 1255 αὐτοὶ
629 1220 769 1255 Κνίδιοι
794 1221 966 1267 λέγουσι.“

363 1274 383 1308 Ι
412 1276 600 1309 165-167
629 1278 753 1310 narrat
778 1274 998 1317 Herodotus,
1024 1275 1210 1311 Phocaeos
1238 1276 1366 1311 missos
1385 1288 1406 1310 a
1424 1275 1558 1321 Pythia

266 1328 440 1363 coloniam
460 1329 649 1364 deduxisse
669 1328 869 1374 Oorsicam3
896 1330 1020 1375 viginti
1048 1331 1151 1366 annis
1169 1335 1261 1376 post,
1289 1343 1368 1366 cum
1386 1331 1557 1366 Phocaea

265 1394 286 1416 a
304 1381 425 1416 Persis
453 1386 558 1427 capta
585 1387 689 1423 esset,
718 1395 840 1418 omnes
868 1384 961 1417 cives
980 1385 1133 1428 periuris
1152 1387 1291 1418 tantum
1311 1384 1446 1418 relictis
1472 1384 1556 1418 emi-

265 1447 386 1480 grasse
413 1435 510 1471 illam
536 1436 573 1471 in
600 1436 794 1482 coloniam3
836 1437 919 1472 inde
960 1449 1020 1473 eos
1059 1442 1140 1483 post
1180 1441 1364 1473 cruentam
1399 1449 1557 1483 pugnam

266 1490 428 1524 navalem
455 1502 533 1524 cum
554 1490 913 1535 Carthaginiensibus
932 1495 966 1526 et
986 1492 1148 1526 Etruscis
1176 1493 1398 1526 commissam
1427 1492 1548 1526 deces-

266 1544 353 1578 sisse
382 1543 594 1589 Veliamque
634 1543 834 1580 condidisse
872 1543 984 1591 7,πρὸς
1009 1539 1133 1591 ἀνδρὸς
1158 1543 1447 1592 Ποσειδωνιήτεω
1480 1558 1552 1589 μα-

266 1595 393 1639 θόντες
419 1593 467 1639 (ὃς
493 1596 553 1633 τὸν
578 1596 711 1644 Κύρνον
731 1609 800 1646 σφι
828 1594 848 1646 ἦ
876 1601 997 1646 Πυθίη
1023 1598 1144 1647 ἔχρησε
1169 1601 1288 1634 κτίσαι
1317 1596 1409 1647 ἥρων
1436 1597 1549 1642 ἐόντα,

265 1646 383 1685 ἀλλὀὐ
410 1651 474 1698 τὴν
501 1651 641 1698 νήσον.“
672 1653 765 1687 Tota
790 1653 950 1687 narratio
969 1653 1124 1687 colorem
1144 1654 1251 1688 habet
1269 1653 1371 1687 valde
1391 1653 1554 1687 Phocae-

265 1717 401 1740 ensem:
446 1705 604 1741 Phocaei
643 1707 785 1741 navium
825 1707 1011 1752 longarum
1051 1708 1256 1742 inventores
1299 1707 1555 1752 praedicantur

265 1758 308 1803 (c.
335 1759 435 1804 163);
463 1759 641 1794 libertatis
668 1759 836 1804 studium,
865 1761 961 1805 quod
980 1762 1238 1805 praestiterunt
1259 1760 1359 1795 valde
1386 1760 1557 1795 laudatur

264 1813 309 1858 (c.
334 1812 434 1859 164);
470 1824 603 1858 eorum,
632 1814 693 1859 qui
721 1825 781 1848 eos
807 1813 943 1859 perfide
971 1814 1219 1859 deseruerunt,
1255 1814 1450 1859 periurium
1478 1813 1557 1849 illu-

265 1870 399 1900 stratur
426 1866 471 1912 (c.
495 1867 596 1912 165)3
625 1867 757 1909 clades,
786 1879 892 1912 quam
919 1872 1145 1912 acceperunt,
1172 1869 1322 1902 victoria
1340 1868 1554 1912 appellatur,

263 1919 465 1963 perniciosa
491 1920 643 1965 quidem,
679 1920 723 1955 de
759 1921 923 1956 hostibus
948 1921 1177 1956 multitudine
1203 1921 1345 1955 navium
1372 1920 1557 1955 abundan-

264 1973 359 2009 tibus
386 1978 571 2019 reportata
596 1976 639 2020 (c.
664 1975 765 2021 166);
791 1976 1040 2021 interpretatio
1060 1976 1196 2011 oraculi
1213 1976 1304 2011 mira
1322 1976 1384 2011 illa
1402 1975 1447 2022 (c.
1470 1975 1556 2022 167)

264 2027 310 2062 ad
328 2039 450 2062 eorum
476 2029 735 2064 contumaciam
762 2029 1001 2065 excusandam
1025 2030 1169 2065 inventa
1188 2042 1264 2065 esse
1285 2030 1435 2074 videtur,
1462 2042 1544 2065 nam

263 2080 396 2126 Pythia
429 2085 524 2117 certe
560 2095 619 2118 eos
653 2095 691 2118 re
719 2095 803 2118 vera
836 2084 1007 2128 iusserat,
1037 2083 1205 2119 Corsicae
1237 2084 1361 2119 urbem
1390 2084 1555 2119 condere·

263 2135 333 2169 Illa
352 2136 444 2170 enim
464 2137 561 2181 regio
580 2137 839 2180 Phocaeorum,
868 2138 928 2182 qui
948 2137 1154 2173 Massaliam
1175 2138 1422 2183 condiderant,
1441 2149 1556 2183 paene

263 2190 447 2235 provincia
473 2194 562 2227 erat.

362 2289 385 2322 ¹)
409 2288 446 2317 cf.
469 2287 525 2316 Ed.
547 2288 667 2326 Meyer:
689 2288 905 2327 Forschungen
926 2288 943 2317 I
964 2299 993 2326 p.
1016 2290 1062 2319 18.

359 2331 385 2366 ²)
407 2332 443 2361 cf.
466 2332 513 2361 VI
536 2334 607 2363 134:
632 2335 682 2370 „zo
703 2333 853 2362 ἐνθεῦτεν
877 2333 909 2362 δὲ
931 2335 1018 2362 αὐτοὶ
1035 2334 1153 2372 Πάριοι
1171 2334 1321 2373 γενέσθαι
1337 2334 1396 2363 ὦδε
1412 2334 1559 2372 λέγουσι
