1770 2769
752 105 995 138 -10—

227 214 281 247 est
307 211 399 246 hanc
425 211 668 245 narrationem
696 210 742 245 de
781 210 948 245 vaticinio
987 209 1164 255 prolatam
1194 209 1340 245 fluxisse
1380 222 1423 245 ex
1453 209 1525 245 alio

223 266 322 301 fonte
342 269 451 311 atque
475 265 571 301 illam
591 264 635 300 de
655 264 895 300 trucidatione
913 264 1025 310 regis:
1044 260 1165 311 'caput
1194 266 1237 300 13
1267 264 1427 311 intellegi
1453 276 1526 300 non

226 324 356 365 potest,
385 320 454 354 nisi
481 331 520 353 re
548 331 631 354 vera
663 319 796 354 crimen
825 317 947 364 Gyges
976 319 1172 364 commisitz,
1212 322 1339 353 auctor
1369 319 1523 364 capitum

222 375 340 408 8—12
370 372 511 419 Gygem
545 373 590 408 ab
617 374 713 408 omni
740 372 845 418 culpa
871 384 1026 418 purgare
1054 372 1196 408 studet:
1224 373 1273 408 cf:
1317 374 1424 420 ,,χρῆν
1457 371 1525 437 γόἑρ

223 426 410 474 Κανδαύλῃ
461 428 632 473 γενέσθαι
666 431 791 469 κακῶς,
829 448 877 452 --
912 422 960 468 ὥς
995 421 1056 461 οὐκ
1088 424 1233 462 ἐδύνατο
1267 426 1452 474 διαφυγεῖν
1485 440 1525 474 ην

222 480 363 525 ἕτοιμος
403 482 466 527 (ad
501 481 661 525 reginam
705 480 908 524 videndam)
942 501 989 506 ——
1025 477 1099 527 ὥρα
1133 475 1326 527 α’ναγκαίην
1358 476 1525 527 α’ληθέως

221 537 464 581 προκειμένην,
494 555 538 559 ——
566 534 647 570 ἐπεί
668 546 714 578 με
739 529 948 580 ἀναγκάζεις
974 533 1149 569 δεσπότεα
1182 533 1242 569 τὸν
1268 532 1351 578 ἐμὸν
1375 536 1524 569 κτείνειν

222 584 282 624 οὐκ
310 587 481 623 ἐθέλοντα
507 609 565 630 -—‚
595 583 634 622 οὗ
660 587 729 635 γὰρ
755 589 898 632 μετίετο
930 583 949 622 ὃ
976 588 1093 635 Γύγης
1111 583 1189 623 οὖδέ
1216 587 1250 623 οἱ
1270 581 1311 636 ἧν
1336 583 1523 636 ἀπαλλαγή

225 638 407 687 οὗδεμία.“
484 643 610 687 Itaque
631 646 738 688 caput
755 642 844 677 illud
875 644 930 687 13,
958 655 997 677 re
1024 655 1109 678 vera
1135 642 1415 688 philodelphum,
1443 654 1522 677 cum

223 710 278 745 ea,
306 709 413 743 quam
439 696 652 732 Herodotus
679 697 866 742 praemisit
891 697 1104 733 narratione
1134 709 1207 733 non
1245 696 1432 744 consentit,
1460 696 1524 732 sed

222 751 462 797 supplendum
483 755 537 785 est
556 762 599 784 ex
618 750 741 785 fabula
767 751 975 795 Platonica,
1003 762 1095 796 quae
1115 750 1254 797 Gygem
1280 762 1352 785 non
1379 761 1524 785 excusa-

221 806 293 841 bat.
346 804 605 840 Rudimentum
645 805 865 840 narrationis
906 804 1096 850 Delphicae
1127 805 1280 840 fortasse
1308 808 1362 840 est
1393 816 1522 839 nomen

221 859 461 905 ,,Μυρσι’λος“,
489 859 586 903 quod
615 859 809 893 secundum
841 858 1071 893 Herodotum
1099 858 1232 894 Graeci
1264 859 1399 894 dabant
1429 857 1523 893 Can-

221 913 329 946 dauli.
365 913 407 956 (I.
438 912 475 956 7)
513 912 630 946 Nemo
656 923 729 946 non
756 912 862 955 videt,
903 912 996 947 hanc
1030 924 1149 946 meam
1184 912 1337 957 duplicis
1370 912 1523 946 nominis

225 966 501 1012 explicationem
535 965 648 1000 multo
687 965 883 1001 faciliorem
920 977 998 1001 esse
1039 978 1148 1011 quam
1188 965 1380 1001 Schuberti
1413 965 1521 1007 illam,

223 1021 283 1065 qui
311 1020 409 1064 dicit,
450 1019 664 1064 Delphicum
701 1019 837 1054 fontem
862 1020 1072 1065 praebuisse
1099 1031 1228 1054 nomen
1263 1018 1520 1066 „Kavda155.27g“.

222 1072 340 1119 Quod,
373 1074 434 1118 qui
466 1073 612 1107 credere
640 1072 725 1116 vult,
757 1073 954 1108 concedere
986 1072 1104 1117 debet,
1142 1073 1371 1108 Herodotum
1403 1073 1521 1107 dicere

220 1126 304 1172 ,,τὸν
331 1126 364 1161 οἱ
383 1123 553 1173 ’Έλληνες
580 1126 766 1173 ΆΙυρσίλον
792 1122 1042 1171 ὂνομάζουσι,“
1068 1139 1147 1162 cum
1173 1127 1252 1162 fons
1272 1127 1348 1162 eius
1367 1125 1522 1162 Graecus

222 1181 297 1216 κατ’
326 1179 444 1227 ἐξοχὴν
470 1181 585 1224 ipsum
616 1181 705 1214 illud
733 1179 990 1227 ,,Κανδαύλης“
1017 1180 1241 1225 praebuerit!
1293 1181 1430 1215 Versus
1457 1180 1519 1224 illi,

224 1234 354 1279 quibus
374 1237 557 1268 auctorem
578 1233 795 1279 Delphicum
816 1234 1001 1269 oraculum
1026 1233 1070 1268 de
1088 1233 1365 1269 Heraclidarum
1384 1233 1520 1268 ultione

226 1288 470 1333 composuisse
499 1288 673 1332 suspicari
700 1300 899 1332 possumus⁷
920 1288 1072 1323 fortasse
1091 1288 1209 1322 acrius
1228 1299 1334 1332 quam
1360 1287 1519 1322 narratio

224 1341 269 1376 ab
296 1341 486 1376 Herodoto
514 1341 649 1375 inserta
676 1341 918 1385 permittebat,
955 1340 1093 1386 Gygem
1128 1340 1394 1375 interfectorem
1425 1341 1520 1385 regis

224 1394 462 1440 increpabant
490 1398 526 1429 et
552 1394 644 1429 hanc
671 1395 716 1429 ob
743 1407 887 1430 causam
916 1395 961 1430 ab
989 1394 1179 1430 Herodoto
1207 1394 1316 1430 soluti
1343 1399 1436 1431 sunt.

322 1449 367 1483 In
395 1449 456 1492 cis,
485 1460 576 1492 quae
605 1460 633 1484 c,
666 1450 705 1483 17
735 1461 787 1493 sq.
807 1454 1003 1484 narrantur
1030 1449 1074 1483 de
1093 1448 1187 1483 bello
1207 1448 1251 1483 ab
1270 1448 1418 1494 Alyatte
1439 1460 1518 1483 cum

223 1503 378 1537 Milesiis
398 1506 510 1547 gesto,
531 1501 710 1537 Schubert
728 1512 823 1548 (pag.
844 1505 890 1537 43
910 1504 977 1548 sq.)
995 1507 1132 1547 partem
1155 1502 1366 1547 Delphicam
1386 1503 1519 1547 optime

223 1607 290 1641 post
312 1613 423 1632 annum
446 1603 692 1632 Mermnadarum
714 1604 911 1632 centesimum
934 1605 1158 1641 sexagesimum
1190 1606 1308 1632 sextum
1339 1614 1399 1632 non
1427 1604 1519 1633 inter-

227 1648 308 1683 fecit,
331 1651 364 1676 ut
385 1647 463 1676 filius
485 1648 605 1676 demum
630 1648 739 1676 Sardes
762 1651 865 1685 captas
887 1647 1024 1677 videret?

320 1693 440 1721 Auctor
460 1691 611 1720 Herodoti
633 1695 684 1720 aut
705 1692 880 1721 Herodotus
902 1693 966 1730 ipse
988 1692 1116 1728 videtur,
1131 1702 1198 1721 cum
1213 1692 1243 1720 in
1259 1691 1342 1721 fonte
1355 1692 1519 1721 invenisset

224 1739 274 1774 „6²5-
296 1739 348 1765 τὸν
369 1739 515 1775 πέμπτον
548 1738 724 1775 ἀπόγονον“
760 1737 924 1766 meditatus
956 1746 1021 1766 esse
1053 1737 1109 1766 ita:
1145 1747 1204 1765 una
1234 1737 1390 1765 hominum
1426 1739 1518 1776 γενεή

221 1781 385 1818 respondet
406 1781 534 1817 imperio
556 1782 642 1809 unius
665 1781 744 1818 regis
767 1781 819 1818 (cf.
841 1781 875 1809 Π
899 1782 975 1815 142).
1026 1781 1101 1810 Cum
1129 1782 1214 1815 331f's
1244 1781 1313 1809 anni
1341 1782 1518 1818 plerumque

222 1826 273 1854 uni
295 1829 386 1864 γενεῇ
409 1834 426 1853 a
448 1826 510 1853 fato
532 1825 778 1862 concederentur,
801 1826 933 1860 ultimus,
961 1826 1012 1862 qui
1033 1826 1252 1863 exspectandus
1274 1828 1348 1862 erat,
1369 1825 1518 1854 terminus

222 1870 340 1907 imperii
363 1869 495 1907 quinque
517 1879 623 1907 regum
646 1869 894 1899 Mermnadarum
916 1880 1010 1898 annus
1041 1873 1103 1899 erat
1134 1873 1203 1907 post
1224 1869 1382 1898 Gandaulis
1412 1879 1517 1899 necem

222 1915 402 1943 centesimus
426 1915 631 1951 sexagesimus
648 1914 802 1951 septimus.
838 1914 883 1942 At
897 1924 929 1943 re
950 1924 1022 1943 vera
1036 1914 1232 1943 Mermnadae
1246 1924 1339 1951 usque
1355 1914 1392 1942 ad
1407 1924 1517 1942 annum

223 1958 419 1986 centesimum
455 1958 711 1995 septuagesimum
743 1958 918 1995 regnabant.
970 1957 1116 1993 Efficitur,
1148 1958 1287 1985 ultimum
1322 1967 1426 1985 eorum
1456 1961 1518 1986 tres

224 2011 316 2030 annos
339 2002 486 2030 lucratum
509 2011 582 2030 esse.
635 2001 797 2030 Orat-ulum
826 2001 947 2039 quidem
968 2002 1119 2039 Apollinis
1147 2005 1319 2031 accuratum
1349 2011 1383 2030 ac
1413 2011 1517 2031 verum

224 2046 293 2074 suit:
315 2046 436 2083 quintus
452 2056 504 2075 rex
521 2046 640 2083 culpam
656 2046 750 2084 Gygis
767 2046 831 2076 luit.
873 2046 988 2075 Tamen
1008 2046 1105 2083 pietas
1121 2046 1223 2075 Croesi
1245 2046 1391 2075 honorata
1412 2049 1458 2075 est
1472 2056 1518 2083 eo,

224 2090 303 2127 quod
324 2100 394 2126 non7
416 2100 483 2118 cum
505 2090 725 2127 providendum
748 2094 836 2126 esset,
859 2091 910 2119 sed
931 2091 1028 2119 tribus
1050 2091 1135 2118 annis
1157 2093 1224 2127 post
1250 2091 1419 2119 necessaria
1448 2100 1516 2119 eve-

222 2138 338 2162 nerunt.
372 2151 409 2154 —
441 2134 525 2163 Sales
546 2135 604 2163 loci
626 2134 797 2163 Herodotei
818 2135 848 2163 in
870 2135 936 2171 ipso
966 2144 1001 2163 eo
1029 2134 1103 2162 mihi
1132 2135 1226 2163 latere
1258 2134 1405 2170 videntur,
1436 2135 1516 2171 quod

221 2178 334 2215 Apollo
356 2179 481 2217 Μοίρας
502 2183 702 2218 παραγαγεῖν
722 2181 823 2216 potest
844 2183 967 2208 eatenus
989 2181 1117 2214 tantum,
1139 2182 1172 2207 ut
1193 2179 1303 2208 oraculi
1318 2181 1442 2208 eventus
1457 2189 1516 2209 non

222 2222 426 2259 prohibeatur.
464 2225 562 2259 ,ὅκως
583 2226 624 2251 ἂν
645 2224 722 2251 κατὰ
745 2225 815 2259 τοὺς
829 2224 944 2259 παῖδας
959 2227 1012 2251 τοῦ
1027 2223 1171 2261 Κροίσου
1187 2225 1306 2261 γένοιτο
1322 2225 1354 2251 τὸ
1369 2224 1518 2261 Σαρδίων

222 2266 356 2302 πάθος“,
379 2267 495 2295 efficere
516 2277 576 2295 non
608 2267 716 2303 potuit,
747 2267 827 2303 quod
857 2269 888 2303 ἐς
917 2269 1070 2305 πέμπτον,
1100 2276 1159 2295 non
1181 2269 1213 2303 ἐς
1233 2269 1331 2303 ἕκτον,
1357 2269 1518 2305 ἀπόγονον

222 2311 316 2338 satum
338 2310 469 2340 incidere
491 2311 654 2339 secundum
676 2312 769 2348 ipsius
791 2311 1037 2340 vaticinationem
1059 2311 1171 2340 debuit.
