1770 2769
747 769 916 806 CAPUT
943 770 974 804 I.

617 880 694 923 De
725 880 882 923 rebus
914 879 1100 934 Lydiis.

312 1017 432 1050 Multa
462 1017 532 1050 iam
564 1016 661 1051 dicta
693 1020 776 1051 suut
802 1017 845 1051 de
879 1016 977 1051 fonte
1009 1017 1251 1062 philodelpho,
1284 1028 1354 1061 quo
1387 1017 1502 1051 Hero-

217 1070 323 1112 dotus
350 1082 435 1105 usus
468 1073 522 1105 est
553 1069 599 1104 ad
630 1069 815 1105 historiam
846 1069 1138 1105 Mermnadarum
1165 1069 1502 1115 conscribendam.¹)

216 1125 352 1160 Tamen
378 1136 517 1159 cassum
544 1124 702 1159 laborem
730 1136 786 1159 me
814 1125 1012 1169 suscepisse
1038 1136 1109 1159 non
1136 1128 1222 1170 puto
1251 1124 1412 1159 examine
1432 1124 1504 1169 Ly-

214 1179 398 1213 diacorum
423 1179 589 1223 repetito,
642 1178 700 1213 De
728 1178 928 1223 quantitate
956 1179 1048 1213 enim
1068 1190 1200 1223 eorum,
1227 1190 1320 1223 quae
1345 1178 1499 1222 Delphis

213 1231 403 1267 Herodoto
436 1232 665 1277 suppeditata
700 1235 793 1276 sunt,
836 1243 1007 1277 quaerere
1047 1232 1248 1266 etiamnunc
1286 1231 1383 1266 haud
1424 1232 1500 1265 inu-

213 1286 275 1321 tile
303 1289 368 1321 est.
425 1285 647 1332 Benedictf‘)
674 1286 734 1331 qui
761 1286 896 1331 primus
922 1285 966 1320 de
992 1286 1059 1320 hac
1085 1298 1123 1320 re
1150 1285 1294 1320 uberius
1321 1285 1499 1326 disseruit,

216 1340 406 1380 existimat,
434 1339 639 1374 sacerdotes
657 1339 856 1384 Delphicos
873 1339 983 1374 fuisse
1001 1342 1110 1374 testes
1129 1339 1316 1374 Herodoto
1343 1339 1500 1373 omnium

214 1393 439 1429 oraculorum
473 1393 518 1428 ad
550 1405 607 1428 res
638 1393 774 1438 Lydias
805 1393 1058 1439 pertinentium
1092 1397 1239 1438 excepto
1270 1404 1341 1427 uno
1367 1392 1429 1427 illo
1456 1392 1501 1427 de

212 1447 285 1481 fih‘o
318 1450 415 1481 muto
455 1447 551 1482 dato.
592 1447 628 1493 (I
656 1448 715 1492 85)
756 1446 974 1493 Schubert‚³)
1014 1448 1113 1482 cuius
1147 1447 1342 1481 auctoritas
1375 1447 1413 1480 in
1446 1446 1501 1480 his

211 1501 319 1536 rebus
356 1501 507 1535 multum
546 1501 652 1547 valet,
683 1513 754 1536 non
796 1501 909 1536 solum
940 1501 1164 1535 narrationes
1203 1500 1502 1545 chresmologicas

211 1554 366 1600 Delphis
393 1555 425 1589 ei
456 1554 560 1589 datas
592 1566 681 1602 esse,
709 1555 831 1590 studet
855 1554 1018 1600 probare,
1047 1554 1109 1589 sed
1136 1554 1340 1588 continuam
1370 1553 1502 1599 Lydia·

212 1620 333 1643 corum
362 1608 649 1653 descriptionem,
677 1620 696 1643 e
715 1621 796 1654 qua,
823 1612 864 1643 ut
882 1608 1080 1653 exemplum
1107 1607 1264 1651 afferam,
1293 1608 1399 1642 etiam
1423 1611 1502 1642 orta

212 1662 294 1708 sint,
334 1673 426 1706 quae
466 1662 510 1696 de
543 1661 669 1697 Croesi
709 1666 744 1696 et
783 1661 924 1697 Solonis
955 1662 1131 1706 colloquio
1157 1664 1358 1697 narrantur.
1410 1661 1500 1705 Ego,

212 1727 275 1749 cur
302 1724 373 1749 tam
399 1715 513 1749 multa
539 1715 694 1760 Delphis
720 1727 791 1750 non
819 1716 1006 1760 assignem,
1034 1726 1127 1748 nunc
1155 1725 1344 1759 exponam:

308 1777 518 1813 Herodotus
544 1778 565 1812 I
593 1780 610 1814 7
639 1783 774 1823 narrat,
801 1778 1015 1814 Heraclidas
1040 1789 1188 1823 regnum
1215 1777 1412 1813 obtinuisse
1440 1777 1502 1823 „e'z

209 1834 474 1878 &conponcov‘st
553 1831 660 1878 Quod
707 1833 890 1868 oraculum
937 1831 1113 1867 Schubert
1150 1831 1200 1878 (p.
1241 1831 1279 1877 6)
1319 1843 1383 1866 suo
1422 1833 1501 1867 iure

211 1886 337 1921 statuit
374 1886 555 1921 inventum
596 1898 673 1926 esse
712 1887 758 1922 ab
790 1886 942 1930 homine,
970 1886 1041 1931 qui,
1069 1897 1148 1920 cum
1174 1886 1210 1919 in
1240 1885 1358 1920 locum
1388 1886 1501 1930 ipsius

211 1938 407 1984 Omphales
434 1940 566 1974 ancilla
585 1941 825 1985 successisset,
851 1939 1068 1974 Heraclidas
1094 1940 1170 1973 iure
1192 1939 1366 1984 regnandi
1394 1951 1498 1984 egere

210 1992 368 2028 vidisset.

306 2110 332 2146 1)
354 2109 391 2138 cf.
424 2109 480 2139 Ed.
503 2109 623 2146 Meyer:
653 2109 833 2138 Geschichte
862 2109 914 2138 des
944 2108 1135 2137 Alterthums
1165 2108 1199 2136 II
1220 2118 1249 2146 p.
1272 2109 1339 2139 768.
1381 2109 1500 2137 Busolt:

208 2152 405 2183 Griechische
427 2153 607 2183 Geschichte
628 2153 683 2182 ΙΙΒ
703 2164 732 2191 p.
754 2154 821 2184 451.

305 2207 332 2242 2)
352 2207 386 2236 F.
408 2207 567 2237 Benediet:
588 2207 633 2236 De
654 2207 783 2236 oraculis
799 2207 835 2235 ab
850 2206 1008 2236 Herodoto
1028 2207 1270 2235 commemoratis
1292 2207 1501 2244 quaestionum

208 2260 278 2288 pars
298 2251 324 2279 I.
346 2251 423 2280 Diss.
445 2251 567 2281 Bonnae
589 2252 674 2283 1871.

305 2306 328 2342 3)
350 2305 379 2335 R
409 2305 572 2336 Schubert:
600 2305 781 2335 Geschichte
802 2305 856 2334 der
875 2305 996 2343 Kdnige
1018 2314 1077 2333 von
1099 2305 1225 2342 Lydien.
1269 2305 1393 2335 Breslau
1415 2307 1500 2336 1884.
