1770 2769
714 91 957 124 —40—

193 196 310 231 minus
344 196 493 240 malum,
529 196 726 241 optativum
761 200 844 241 post
877 196 1113 242 infinitivum,
1147 196 1320 242 praetulit
1352 197 1488 233 maiori.

194 250 268 284 Per
295 263 332 284 se
358 251 468 297 igitur
494 250 551 284 hic
578 262 701 284 versus
728 262 800 284 non
828 255 1015 295 suspectus
1041 256 1106 286 est.

293 304 414 338 Etiam
441 315 493 348 ea,
522 315 613 348 quae
641 303 745 339 affert
762 303 932 339 Hendess
960 309 1085 340 contra
1102 316 1224 340 versus
1247 306 1349 348 1-—5‚
1368 305 1488 351 gravia

195 369 272 392 esse
300 358 386 392 mihi
410 369 482 392 non
501 357 676 394 videntur.
704 357 866 392 Primum
884 358 960 393 eius
979 362 1226 404 argumentum
1244 362 1308 403 est,
1336 359 1489 402 genuina

195 411 341 445 oracula
375 423 448 446 non
483 411 649 445 habuisse
685 415 759 446 tam
796 411 904 457 longa
937 424 979 447 ac
1006 423 1271 458 supervacanea
1296 413 1489 457 prooemia.

196 464 250 500 At
277 466 379 510 copia
407 465 632 500 oraculorum
671 465 774 500 nobis
808 470 1031 501 servatorum
1065 478 1136 501 non
1172 470 1227 501 sat
1260 478 1390 512 magna
1426 471 1490 511 est,

197 523 237 553 ut
264 519 477 553 concludere
505 519 694 563 possimus,
729 519 839 553 talem
865 519 980 563 legem
1007 521 1196 555 exstitisse.
1236 520 1336 553 Dicit
1363 520 1491 554 deinde

196 571 377 615 Hendess,
406 583 529 606 versus
548 573 570 606 4
588 575 624 606 et
643 573 663 606 5
683 575 765 617 post
790 571 925 607 bellum
951 573 1167 618 compositos
1194 585 1283 617 esse,
1310 573 1381 608 iam
1396 572 1491 619 quod

198 630 316 661 terrae
343 625 489 661 Atticae
516 626 788 671 occupationem
815 626 1051 662 celebrarent.
1096 627 1399 672 Respondendum
1426 631 1490 669 est,

199 681 308 726 etiam,
342 680 478 714 oraculi
504 680 524 713 Ι
551 680 660 714 verba
696 678 832 724 ,,πολλὰ
860 679 896 714 δὲ
921 673 1151 715 κᾶλλ’ἆπολεῖ
1184 679 1404 726 πυργώματα
1430 675 1492 714 κοῦ

197 732 240 768 τὸ
265 732 328 767 σὸν
355 730 462 775 οἶον,“
503 745 595 779 quae
622 733 791 768 Hendess
818 734 895 779 ipse
930 733 1087 778 genuina
1122 745 1199 769 esse
1234 738 1348 780 putat,
1384 734 1492 770 talem

198 788 489 822 vaticinationem
516 791 599 822 ante
628 791 794 822 eventum
821 787 999 832 prolatam
1030 788 1224 825 continere,
1269 789 1318 823 Et
1344 801 1381 823 re
1409 800 1492 822 vera

198 841 367 875 facillima
394 841 476 875 fuit!
509 841 630 875 Etiam
656 841 803 875 tertium
829 840 1024 875 Hendessii
1051 845 1312 886 argumentum,
1348 842 1493 876 verbum

198 894 327 939 δίδωμι
351 907 423 929 non
449 899 531 939 post
556 895 702 929 tertium
730 906 870 929 versum
896 895 1047 928 inveniri
1073 895 1111 928 in
1138 896 1301 939 genuinis
1328 895 1491 938 oraculis,

198 948 415 983 levissimum
443 952 507 982 est.
561 947 598 983 Si
632 948 703 982 alia
736 947 1001 993 praemittenda
1036 952 1149 991 erant,
1187 948 1394 984 sacerdotes
1419 953 1491 984 tam

200 1003 344 1048 stupida
370 1002 447 1047 lege
475 1014 545 1036 non
573 1002 901 1047 obstringebantur.
944 1002 1004 1037 Ita
1030 1002 1221 1050 nili-estat,
1240 1003 1335 1048 quod
1355 1003 1493 1048 spurios

201 1069 278 1091 esse
306 1069 429 1091 versus
460 1059 552 1091 1—5
580 1056 732 1101 probare
759 1054 916 1101 possit.¹)

298 1110 421 1144 Meam
464 1110 702 1156 suspicionem
744 1109 825 1155 plus
868 1121 975 1155 quam
1014 1109 1152 1156 priores
1191 1115 1334 1147 movent
1373 1123 1494 1146 versus

202 1166 332 1200 8—10.
354 1164 391 1200 Si
410 1164 654 1200 Athenienses
675 1177 734 1199 eos
753 1164 984 1208 audivissent,
1005 1166 1062 1199 vix
1079 1177 1163 1210 pars
1182 1177 1305 1200 eorum
1322 1170 1494 1210 putasset,

200 1231 339 1253 murum
379 1219 535 1265 ligneum
574 1230 651 1254 esse
692 1218 874 1264 acropolin
903 1218 1020 1265 (VIII
1048 1218 1120 1266 51).
1161 1218 1244 1254 Non
1271 1219 1364 1254 enim
1401 1219 1495 1254 idem

200 1273 326 1308 fuisset
360 1274 396 1308 in
431 1285 513 1308 arce
548 1285 735 1308 remanere
771 1285 812 1308 ac
852 1277 985 1317 ,,νιῦτον
1019 1271 1241 1319 ἐπιστρέψας
1275 1269 1495 1319 ὑποχωρεῑνίι

201 1328 263 1361 sed
302 1327 397 1361 idem
435 1339 477 1361 ac
517 1326 742 1374 ,,ἱπποσύνην
775 1327 834 1361 καὶ
868 1325 975 1369 πεζὸν
1010 1325 1159 1373 στρατὸν
1192 1323 1319 1374 ἥσυχος
1343 1326 1494 1371 μένειν,“

201 1381 295 1425 quod
323 1385 466 1416 vetatur
492 1380 547 1415 his
575 1381 745 1415 versibus.
773 1381 857 1416 Non
876 1380 978 1415 video
1003 1392 1158 1425 causam,
1179 1392 1242 1415 cur
1260 1381 1495 1415 dubitandum

201 1435 247 1470 sit
274 1435 317 1470 de
341 1435 491 1470 veritate
511 1435 700 1470 verborum
718 1434 898 1470 Herodoti
926 1434 1116 1480 ‚‚(Persae)
1136 1433 1297 1499 αἱρέουσι
1312 1433 1438 1481 ἔρημον
1456 1433 1496 1469 τὸ

201 1485 303 1534 ἄστυ,
322 1491 382 1522 καί
395 1501 495 1530 τινας
512 1483 651 1535 ὀλίγους
665 1484 863 1536 εὑρίσκουσι
877 1492 948 1523 τῶν
961 1483 1187 1536 Αθηναίων’
1173 1501 1208 1523 εν
1221 1489 1271 1535 τῶ
1286 1487 1337 1535 ἱρι
1334 1492 1350 1522 3
1366 1486 1496 1551 ἐόντας,

203 1545 334 1587 ταμίας
360 1555 399 1577 τε
425 1547 489 1577 τοῦ
517 1542 594 1589 ἱροῦ
620 1543 680 1577 καὶ
706 1542 860 1589 πένητας
885 1537 1113 1588 ανθρώπους,
1142 1555 1175 1577 οι
1203 1541 1384 1590 φραξαμει
1387 1555 1421 1577 οι
1438 1542 1498 1589 τὴν

201 1592 396 1643 ακρόπολιν
421 1596 556 1643 θύρῃσί
582 1609 620 1631 τε
646 1597 705 1631 καὶ
732 1595 869 1638 ξύλοισι
894 1591 1069 1643 ἠμύνοντο
1099 1609 1181 1637 τους
1211 1594 1390 1640 ἐπιόντας,
1424 1593 1498 1640 α’μα

201 1649 265 1694 μὲν
290 1646 351 1685 ὑπ’
379 1645 571 1698 ασθενείης
597 1653 678 1697 ρ”ίωυ
705 1645 767 1686 οὐκ
793 1648 1052 1697 ἐκχωρήσαντες
1078 1647 1114 1691 ἐς
1137 1650 1328 1694 Σαλαμῖνα,
1356 1648 1445 1695 πρὸς
1463 1649 1498 1685 δὲ

203 1704 305 1744 αὐτοὶ
332 1709 511 1751 δοκέοντες
537 1708 752 1755 ἐξευρηκέναι
777 1708 819 1744 τὸ
843 1707 1014 1754 μαντήιον
1039 1707 1080 1744 τὸ
1101 1704 1122 1762 ᾖ
1142 1711 1263 1763 llo-WB
1280 1722 1348 1763 osec
1366 1707 1496 1755 ἔχρησε,

202 1767 243 1803 τὸ
279 1767 415 1810 ξύλινον
447 1775 562 1813 τεῖχος
595 1765 776 1805 ἀνάλωτον
811 1767 972 1805 ἔσεσθαι·
1009 1763 1096 1803 αὐτὸ
1130 1767 1166 1803 δὲ
1200 1771 1305 1803 τοῦτο
1339 1766 1427 1803 εἶναι
1456 1767 1497 1802 τὸ

203 1827 446 1882 κρνσιρύγετον
483 1830 572 1863 κατὰ
611 1828 652 1863 τὸ
689 1827 858 1882 μαντήιον
895 1828 955 1862 καὶ
989 1840 1029 1862 ου
1063 1828 1127 1869 τὰς
1161 1827 1274 1869 νέας.“
1335 1828 1372 1865 Si
1410 1839 1497 1872 pau-

203 1891 325 1932 pertas
351 1891 492 1922 tantum
518 1888 583 1922 hos
611 1888 771 1922 homines
797 1887 833 1922 in
861 1899 943 1922 arce
970 1886 1114 1921 relictos
1142 1886 1359 1927 retinuisset,
1403 1885 1499 1920 Pisi-

205 1941 437 1975 stratidarum
476 1942 770 1976 intercessionem
805 1952 876 1975 non
912 1940 1162 1985 repudiassent
1197 1939 1313 1985 (VIII
1340 1941 1396 1973 51.
1425 1939 1497 1985 52).

303 2029 327 2064 l)
355 2028 454 2057 Verba
478 2029 548 2065 ηὸιὰ
576 2028 740 2057 Παλλάδα
775 2029 911 2067 κούρην“
944 2031 974 2056 et
996 2027 1113 2056 Tzetzis
1143 2026 1216 2055 illud
1248 2026 1496 2065 „Epezt‘kldmffl

207 2072 261 2108 (ad
282 2072 369 2101 Iliad.
392 2073 475 2101 XIII
496 2075 554 2109 20),
577 2073 657 2109 quod
680 2073 753 2101 bene
775 2082 843 2100 cum
865 2072 907 2100 eis
929 2071 1086 2109 coniungit
1106 2070 1257 2105 Hendess,
1288 2071 1411 2098 inventa
1432 2079 1499 2099 esse

204 2117 345 2146 videntur
367 2117 404 2146 ab
425 2117 555 2151 homine,
578 2117 629 2154 qui
650 2116 687 2146 de
709 2110 829 2146 oraculo
851 2116 943 2145 verba
965 2116 1038 2145 fecit
1059 2118 1178 2144 tantum
1199 2117 1325 2153 propter
1346 2115 1432 2152 sales,
1449 2115 1499 2152 qui

204 2162 306 2190 insunt
327 2162 441 2191 ultimis
463 2163 607 2191 versibus.
658 2161 719 2190 Hic
749 2162 850 2197 sensit,
884 2171 986 2190 vei-sus
1017 2161 1132 2197 priores
1158 2170 1219 2188 non
1251 2160 1384 2197 intellegi
1413 2169 1500 2196 posse

204 2206 260 2233 nisi
283 2206 321 2234 ab
343 2215 387 2241 eo,
410 2206 460 2242 qui
481 2209 577 2234 totam
598 2206 764 2241 historiam,
787 2215 877 2241 quam
899 2204 1016 2241 profert
1035 2203 1210 2232 Herodotus
1230 2203 1268 2232 de
1289 2203 1410 2231 oraculo
1433 2202 1449 2230 I
1471 2207 1501 2231 et

204 2249 241 2277 de
263 2250 484 2278 consultatione
505 2250 623 2283 iterata
654 2249 804 2286 cognitam
826 2248 946 2284 habeat,
977 2255 1007 2277 et
1034 2248 1174 2276 omittere
1204 2257 1255 2275 eos
1285 2247 1389 2294 statuit
1420 2256 1500 2275 com-

205 2304 343 2331 pensans,
367 2294 446 2331 quod
469 2295 632 2329 continent,
655 2294 705 2321 illo
731 2294 800 2329 „6112
823 2293 987 2322 Παλλάδα
1010 2293 1156 2330 '‘0159an
