1770 2769
729 94 973 128 -46—

198 201 266 234 iam
296 200 439 235 saeculo
468 199 573 234 deum
600 199 778 245 expressis
805 198 921 234 verbis
940 199 1166 244 prohibuisse
1186 199 1492 235 Lacedaemonios

198 254 243 289 ab
273 253 441 298 Arcadia,
482 257 518 289 et
557 253 693 288 addens
733 256 934 288 contortam
969 253 1067 288 illam
1094 254 1377 300 explicationem,
1404 266 1490 299 quo-

197 308 302 342 modo
330 307 515 342 oraculum
542 307 586 342 de
613 307 755 351 Tegeae
783 307 1047 352 expugnatione
1076 307 1197 343 datum
1228 307 1418 352 probatum
1446 308 1492 342 sit

163 405 166 408 ,
199 365 340 398 eventu.

296 414 495 450 Obscurius
522 415 706 450 oraculum
734 418 798 458 est,
827 414 923 459 quod
951 415 1113 459 sequitur
1139 415 1236 460 apud
1262 414 1488 449 Herodotum

197 469 228 506 Ι,
248 471 305 506 67.
358 468 491 514 Apollo
526 469 626 503 iubet
654 467 852 513 Spartanos
887 467 1028 504 Orestis
1062 481 1144 503 ossa
1177 469 1273 514 apud
1308 482 1344 504 se
1379 469 1489 503 intro-

198 523 339 566 ducere,
368 523 397 558 si
424 523 566 557 vincere
593 522 713 558 velint.
766 522 914 566 Locum,
954 521 1015 556 ubi
1042 523 1200 567 seposita
1226 523 1306 567 sint,
1335 522 1387 556 his
1415 534 1490 556 ver-

198 577 296 611 sibus
324 577 374 611 eis
401 576 552 611 indicat:

377 634 474 677 ,ἔστι
501 649 556 677 τις
579 630 754 682 Ἀρκαδίης
785 637 890 682 Τεγέη
915 635 1024 681 λευρῷ
1052 633 1100 670 ἔνὶ
1125 635 1228 682 χώρῳ

374 685 577 734 ἔνι’)’ἅνεμυι
606 692 767 724 πνείουσι
794 689 866 724 dvm
892 693 1057 736 κρατερῆς
1082 686 1308 737 ’ὖιῑάιίἱγκης,

372 743 429 777 καὶ
459 742 571 784 τύπος
596 739 799 785 ἅντίτυπος,
827 743 886 777 καὶ
913 742 1063 788 πῆμ’ἐπὶ
1090 743 1227 791 πήματι
1255 750 1378 778 κεῖται.

374 796 450 831 ἔνθ’
477 793 764 843 Ἀγαμε,ιινονίόην
791 799 927 840 κατέχει
956 796 1124 844 φυσίζοος
1150 795 1222 839 αἶα,

376 849 435 884 τὸν
461 851 502 885 σὺ
530 850 790 894 κομισσάμενος
820 853 944 896 Τεγέης
971 849 1213 896 ἐπιτάρροθος
1238 850 1356 897 ὲ’σσῃ.“

296 908 392 943 Casu
420 913 455 943 et
482 910 629 943 fortuito
656 909 870 953 intellegunt
894 908 1073 953 Spartani,
1101 908 1275 943 officinam
1305 909 1490 944 ferrariam

196 963 313 997 locum
342 975 419 998 esse
447 963 544 1010 illum
574 963 633 997 diu
661 963 862 1007 quaesitum
889 966 925 997 et
951 966 1159 1007 comparant
1187 963 1253 997 sibi
1288 975 1369 997 ossa
1396 962 1488 997 dolo.

299 1015 506 1060 Antequam
533 1016 576 1050 de
603 1016 702 1050 fonte
721 1016 826 1050 huius
844 1016 1050 1050 historiolae
1068 1027 1291 1060 quaeramus,
1319 1016 1489 1050 certiores

195 1070 273 1104 fieri
301 1069 482 1117 debemus⁷
510 1074 631 1104 utrum
649 1074 731 1115 post
749 1082 794 1104 an
822 1074 907 1104 ante
934 1073 1097 1104 eventum
1119 1069 1156 1104 hi
1175 1081 1297 1104 versus
1316 1070 1391 1105 nati
1409 1070 1489 1105 sint.

196 1123 399 1166 Schubring
426 1123 474 1169 (p.
496 1124 570 1169 31.)
598 1128 711 1168 putat,
748 1124 906 1158 fabulam
941 1135 1020 1157 cum
1053 1124 1197 1158 oraculo
1233 1136 1311 1158 esse
1345 1124 1488 1167 falsam3

195 1176 335 1211 Orestis
363 1177 565 1221 sepulcrum
591 1177 626 1211 in
654 1189 747 1222 pago
775 1178 881 1211 situm
909 1189 998 1220 esse,
1026 1177 1086 1221 qui
1115 1179 1333 1222 77Κιρυῧεῖς“
1363 1176 1487 1222 (Faus.

197 1230 291 1266 VIII
319 1232 376 1265 45.
407 1230 442 1277 1)
483 1230 685 1276 appellatus
725 1231 771 1266 sit
809 1231 831 1265 i.
860 1243 890 1266 e.
926 1231 1039 1273 „fabri
1077 1230 1229 1276 ferrarii,
1269 1231 1329 1276 qui
1368 1231 1488 1276 galeas

194 1284 368 1328 faciunt;“
399 1285 443 1318 ab
473 1285 539 1318 hoc
565 1285 649 1330 pagi
675 1285 817 1318 nomine
845 1284 1003 1318 fabulam
1028 1284 1275 1318 Herodoteam
1303 1288 1338 1318 et
1365 1296 1489 1318 oracu-

194 1337 265 1371 lum
294 1337 492 1372 derivatum
520 1349 608 1372 esse.
649 1336 704 1372 At
722 1337 926 1384 Schubring
950 1338 1027 1382 ipse
1054 1337 1152 1382 vidit,
1181 1337 1375 1373 secundum
1394 1337 1488 1372 Pau-

194 1392 315 1426 saniae
343 1391 458 1437 (VIII
486 1394 541 1426 54.
571 1393 603 1425 4.
633 1392 669 1437 5)
697 1392 940 1426 testimonium
966 1404 1037 1426 non
1063 1392 1100 1426 in
1125 1404 1228 1437 pago,
1261 1392 1322 1437 qui
1352 1396 1487 1437 „Kopr-

193 1447 297 1486 aeis-⁶⁶
328 1445 390 1479 sed
414 1445 449 1479 in
469 1457 522 1489 eo,
551 1446 631 1490 qui„
656 1444 855 1491 Γαρεάτας“
886 1445 1087 1490 appellatus
1114 1446 1170 1489 sit,
1198 1444 1337 1480 Orestis
1366 1445 1485 1490 sepul-

194 1511 292 1534 crum
320 1500 426 1534 situm
454 1511 542 1541 esse,
577 1512 693 1544 neque
720 1499 860 1534 tollitur
886 1499 953 1534 hoc
987 1500 1229 1534 testimonium
1256 1498 1486 1543 Schubringii

194 1553 327 1587 verbis:
370 1564 501 1597 „quum
527 1553 775 1597 antiquissimo
815 1557 976 1597 tempore
1012 1553 1100 1587 certi
1133 1553 1276 1587 termini
1314 1565 1486 1597 pagorum

193 1606 269 1641 sine
297 1606 405 1641 dubio
432 1618 503 1641 non
530 1607 768 1651 constiterint,
797 1605 981 1641 Gareatae
1008 1610 1127 1641 autem
1163 1606 1199 1641 in
1225 1606 1428 1641 universum
1456 1606 1487 1641 ei

192 1661 366 1694 nominati
393 1660 475 1703 sint,
510 1661 570 1704 qui
597 1661 643 1694 ad
671 1660 848 1695 Graratam
875 1660 1020 1694 fluvium
1046 1660 1269 1701 habitabant,
1304 1661 1333 1693 is
1368 1664 1487 1694 autem

194 1713 302 1747 etiam
328 1724 394 1758 per
422 1712 612 1758 Corytheis
639 1713 737 1758 fluat,
765 1714 886 1759 aliqua
913 1725 992 1748 cum
1018 1713 1323 1748 verisimilitudine
1351 1713 1397 1747 ad
1423 1713 1487 1748 hos

194 1767 398 1812 sepulcrum
425 1766 565 1801 Orestis
593 1768 721 1802 referri
758 1771 912 1813 potest.“
942 1767 1106 1811 Accedit,
1134 1766 1240 1812 quod,
1280 1768 1309 1801 si
1347 1767 1488 1801 omnino

175 1815 422 1865 ’,,Κορυθεῖς“
445 1833 465 1854 a
484 1820 586 1865 κόρυς
606 1821 840 1855 derivandum
859 1825 924 1862 est,
951 1833 1021 1854 non
1051 1820 1165 1862 „fabri
1190 1820 1392 1865 galearum“
1425 1821 1487 1855 sed

197 1874 371 1918 „galeati“
389 1874 414 1919 ¹)
433 1875 595 1918 proxima
623 1880 678 1909 est
696 1875 805 1909 notio.
858 1875 990 1918 Etiam,
1018 1886 1081 1908 cur
1107 1873 1247 1918 Tegeae
1275 1886 1395 1908 omnes
1428 1886 1487 1920 ga-

192 1927 328 1962 learum
356 1927 448 1962 fabri
470 1940 577 1962 unam
597 1929 851 1973 occupaverint
870 1928 1063 1973 regionem,
1090 1927 1249 1972 intellegi
1267 1939 1337 1961 non
1356 1931 1485 1972 potest.

192 1980 423 2015 Subtiliorem
450 1993 555 2026 quam
575 1982 856 2017 verisimiliorem
876 1981 1105 2027 Schubringii
1124 1981 1396 2026 explicationem
1415 1982 1485 2016 iam

190 2035 334 2069 missam
362 2035 545 2070 faciamus.

290 2088 379 2123 Post
406 2093 571 2123 eventum
597 2089 719 2124 fictum
747 2102 824 2125 esse
852 2090 919 2124 hoc
946 2089 1129 2124 oraculum
1161 2090 1268 2123 etiam
1295 2089 1395 2124 Stein
1426 2089 1487 2133 (ad

189 2142 208 2177 I
237 2142 299 2189 67)
327 2142 489 2178 affirmat.
539 2143 588 2178 Re
618 2156 700 2179 vera
727 2144 870 2179 habitus
898 2144 1008 2179 totius
1028 2144 1244 2178 narrationis
1263 2144 1486 2189 suspiciones

288 2245 310 2283 1)
333 2244 383 2274 Sic
405 2255 510 2274 vocem
531 2246 621 2275 vertit
644 2246 678 2275 G.
701 2246 731 2275 J.
753 2246 927 2276 Schwedler
942 2246 1017 2283 („De
1032 2246 1121 2275 rebus
1137 2245 1349 2284 Tegeaticisfl)
1372 2246 1485 2284 (Leip2.

190 2289 275 2318 Stud.
299 2291 317 2319 9
339 2290 447 2327 (1887)
469 2300 497 2326 p.
520 2292 602 2327 266.)
