1770 2769
783 147 1021 181 -23-

258 249 440 299 οἰκιστῆρα
459 251 522 287 sed
539 250 584 286 ab
602 251 681 298 ipsa
699 250 842 298 Cyrena
859 252 1015 299 nympha
1033 253 1196 289 veniente
1216 252 1325 299 „paeni
1344 251 1538 289 πλειόνων“

256 306 381 342 urbem
415 306 596 341 conditam
630 307 753 352 esse.¹)
808 306 966 342 Plurane
1000 320 1106 352 quam
1133 320 1256 344 versus
1283 308 1430 343 secundi
1457 320 1542 353 pars

256 359 382 393 ultima
396 363 432 393 et
445 370 568 393 versus
585 359 715 393 tertius
731 359 980 404 interpolatori
999 361 1207 405 debeantur,
1229 362 1360 396 nescio.
1388 361 1542 396 Constat

256 415 404 458 propter
421 423 560 447 versum
581 413 602 446 8
622 415 659 447 et
676 413 697 447 9
719 412 789 447 iam
807 412 965 448 Pindaro
991 417 1112 449 notam
1138 414 1246 450 fuisse
1272 415 1378 450 huius
1404 414 1541 449 oraculi

255 477 277 500 a
303 465 464 500 Diodoro
488 465 628 500 laudati
653 465 800 500 formam
829 467 1061 512 genuinam.²)

355 528 560 563 Redeamus
594 528 640 562 ad
676 528 851 565 Herodoti
885 529 1066 564 oraculum
1105 532 1132 568 Ι,
1161 529 1250 575 Quis
1289 535 1367 566 erat
1402 534 1538 572 auctor,

255 582 317 627 qui
355 582 402 617 ad
440 582 506 617 hos
546 582 635 617 duos
674 593 797 616 versus
836 582 978 617 reduxit
1017 584 1198 618 oraculum
1237 584 1398 630 amplius,
1444 584 1540 629 quod

255 635 411 671 habebat
429 636 609 671 Pindarus
636 647 679 670 ex
696 635 827 670 fabulis
844 647 866 670 a
883 636 1027 681 regibus
1044 638 1277 682 approbatis?
1299 659 1346 664 —
1372 637 1539 674 Solorum

255 690 480 735 Delphorum
523 690 698 724 intererat
739 689 885 723 crimine
927 690 1037 724 falsae
1080 691 1343 726 vaticinationis
1385 691 1539 726 liberare

255 743 473 791 Apollinem,
501 743 562 788 qui
589 742 707 778 verbis
736 736 863 789 „miros-
887 742 947 777 καὶ
972 747 1069 789 γένος
1094 740 1201 789 ὑμόν“
1230 744 1329 780 Batti
1355 745 1539 791 progeniei

254 800 330 834 sine
364 798 438 832 ulla
478 798 688 841 exceptione
727 797 914 841 imperium
954 799 1158 841 promisisse
1192 798 1388 833 dicebatur.
1439 799 1539 833 Fons

255 850 472 897 Cyrenaeus,
501 861 545 884 ex
570 861 640 895 quo
668 849 797 884 hausta
824 853 907 884 sunt
932 850 1078 884 oracula
1094 851 1231 886 Dorica
1256 851 1297 885 II
1320 855 1356 886 et
1372 852 1436 886 III
1462 852 1538 886 sine

254 905 362 941 dubio
405 903 587 940 oraculum
630 903 814 939 Diodoreo
867 904 1082 939 simillimum
1123 905 1309 940 Herodoto
1353 905 1536 943 offerebat.

253 959 433 993 Praetulit
470 958 531 991 ille
574 957 758 991 oraculum
796 957 816 991 Ι
856 958 1082 992 coniunctum
1125 969 1203 992 cum
1242 959 1537 1003 interpretatione

253 1012 349 1048 vocis
369 1010 548 1055 ,,Βα’ττοςίι
568 1010 771 1057 praebitum
797 1022 819 1045 a
844 1014 936 1046 teste
962 1011 1203 1057 philodelpho.
1230 1011 1312 1047 Non
1330 1012 1538 1047 incredibile

255 1070 319 1111 est,
360 1066 538 1100 audivisse
578 1077 657 1100 eum
697 1065 970 1110 explicationem
1010 1066 1104 1100 vocis
1130 1065 1286 1110 Libycae
1326 1079 1347 1101 a
1372 1066 1536 1111 Delphis,

253 1131 342 1165 quos
378 1120 485 1154 etiam
519 1122 601 1164 post
633 1130 738 1165 reges
775 1122 920 1153 exactos
954 1130 1032 1153 cum
1060 1117 1254 1164 Cyrenaeis
1288 1120 1536 1154 commercium

252 1173 419 1209 habuisse
448 1172 622 1219 scimus.³)
673 1173 795 1208 Etiam
822 1173 852 1208 si
878 1177 977 1208 recta
1003 1177 1058 1208 est
1082 1174 1329 1218 interpretatio
1359 1173 1534 1219 „Banoff

252 1246 280 1256 =
300 1226 516 1272 ,,βασιλεύς,“
543 1226 647 1261 facile
673 1226 834 1271 intellegi
860 1230 989 1272 potest,
1017 1238 1080 1261 cur
1097 1227 1184 1272 ipsis
1203 1226 1353 1272 Cyrenis
1371 1227 1536 1273 neglecta

252 1282 313 1317 sit:
362 1280 564 1316 hominibus
608 1279 804 1326 Cyrenaeis
851 1281 966 1326 magis
1008 1280 1150 1326 placere
1193 1281 1363 1325 debebat,
1405 1293 1536 1316 nomen

251 1336 432 1381 proprium
467 1335 562 1379 regis
589 1333 804 1379 Cyrenensis
838 1334 934 1379 apud
959 1334 1092 1380 Libyes
1126 1335 1377 1380 appellativum
1404 1335 1536 1369 factum

253 1400 342 1433 esse,
369 1400 486 1433 quam,
513 1399 617 1432 reges
644 1399 727 1422 suos
753 1388 898 1422 nomina
923 1388 1069 1433 propria
1096 1400 1138 1422 ex
1164 1388 1397 1422 barbarorum
1415 1388 1537 1432 lingua

253 1442 505 1487 desumpsisse.

347 1505 512 1540 Historia
551 1505 653 1539 Batti
691 1505 873 1550 Delphica
914 1510 1063 1550 propter
1100 1517 1225 1539 novam
1265 1505 1537 1549 explicationem

251 1559 347 1594 vocis
389 1557 567 1604 ,,Βα’ττος“
608 1558 808 1594 mirabilior
847 1562 902 1593 est
937 1557 1144 1604 Cyrenensi.
1195 1559 1366 1593 Fortasse
1401 1557 1537 1603 Delphi

253 1611 337 1657 „37⁶2
365 1611 485 1661 φωνὴν
510 1606 641 1660 ἦλθεςιι
670 1612 1003 1658 interpretabantur
1028 1612 1095 1659 „ad
1112 1625 1226 1647 meam
1245 1624 1365 1648 vocem
1384 1612 1533 1647 venisti“

251 1671 286 1702 et
319 1667 566 1712 praeteribant
599 1668 742 1701 omnino
776 1667 968 1702 invalidam
994 1667 1095 1702 Batti
1126 1679 1256 1704 vocem.
1308 1666 1400 1701 Tum
1433 1666 1537 1701 testis

249 1721 418 1766 Delphici
453 1720 595 1755 silentio
630 1720 801 1766 explicari
835 1724 976 1766 posset,
1017 1732 1080 1755 cur
1118 1720 1294 1755 omisisset
1326 1719 1537 1754 Herodotus

251 1775 469 1810 narrationis
495 1779 645 1820 partem,
681 1787 772 1820 quae
808 1779 886 1810 erat
919 1775 963 1810 de
990 1787 1074 1810 voce
1101 1779 1238 1810 terrore
1266 1778 1402 1818 sanata,
1430 1786 1536 1819 quam

249 1829 326 1863 iure
353 1829 477 1863 Maass
503 1840 598 1863 nunc
626 1828 721 1873 apud
748 1841 829 1863 eum
856 1829 1037 1863 desiderat
1062 1832 1110 1873 (p.
1131 1829 1227 1870 380.)

347 1941 371 1976 1)
393 1940 555 1977 Phylarchi
585 1940 621 1969 fr.
644 1941 681 1971 15
702 1940 750 1976 (F.
772 1940 813 1969 H.
836 1940 873 1969 G.
895 1940 911 1969 I
932 1951 961 1978 p.
982 1941 1051 1977 337)
1077 1954 1105 1963 =
1132 1940 1231 1969 Schol.
1262 1939 1403 1976 Apollon.
1435 1939 1534 1968 Rhod.

248 1985 323 2022 Arg.
344 1984 380 2013 II
400 1985 467 2014 498.
488 2001 526 2005 —
547 1985 592 2013 De
613 1984 670 2013 hoc
691 1984 806 2013 iuniore
827 1985 931 2020 mytho
953 1984 1045 2012 verba
1065 1983 1138 2011 facit
1158 1983 1342 2012 Studniczka
1361 1993 1390 2020 p.
1413 1984 1479 2013 118.

348 2033 376 2070 ²)
399 2032 437 2061 In
461 2035 635 2062 transcursu
648 2032 738 2062 liceat
752 2032 828 2061 mihi
842 2033 1045 2070 quaestionem
1060 2041 1185 2069 ponere:
1208 2031 1392 2061 Studniczka
1406 2033 1447 2069 (p.
1463 2032 1535 2069 100)

248 2080 279 2106 et
299 2077 401 2106 Maass
423 2079 463 2114 (p.
485 2078 567 2115 379),
589 2077 640 2114 qui
661 2080 770 2114 putant
790 2076 954 2106 Pindarum
975 2077 1131 2114 designare
1152 2076 1307 2104 oraculum
1327 2076 1353 2112 Ι,
1375 2076 1435 2104 iam
1457 2076 1537 2113 apud

247 2120 428 2157 Bentleyum
450 2130 535 2149 suam
555 2121 659 2158 legunt
680 2121 868 2150 sententiam.
921 2121 955 2157 (v
986 2120 1185 2148 Callimachea
1216 2119 1261 2148 ed.
1284 2120 1450 2148 Schneider
1472 2120 1486 2148 Ι
1508 2130 1536 2157 p.

248 2165 315 2201 180,
336 2173 453 2193 excurs.
475 2164 513 2192 ad
541 2164 642 2201 hymn.
664 2163 699 2193 H
719 2174 747 2192 v.
769 2165 832 2202 67.)
888 2164 935 2193 Re
966 2160 1075 2192 v'erane
1106 2172 1142 2191 ea
1172 2163 1249 2191 inest
1280 2163 1337 2191 viri
1368 2162 1536 2192 doctissimi

248 2208 364 2237 verbis:
389 2231 502 2245 .....
525 2209 625 2246 ipsum
645 2208 770 2237 Battum
790 2218 886 2237 novae
907 2208 1041 2237 coloniae
1062 2210 1225 2246 οἰκιστῆρα
1246 2207 1402 2245 indigitari
1432 2208 1537 2236 verisi-

248 2252 318 2281 mile
340 2255 395 2289 est,
416 2255 450 2281 ut
470 2253 501 2281 in
522 2253 643 2281 oraculo
672 2253 819 2290 [sequitur
844 2252 997 2281 oraculum
1018 2251 1045 2289 Ι]
1078 2254 1108 2280 et
1140 2251 1218 2288 apud
1250 2251 1415 2280 Pindarum
1447 2251 1536 2289 Pyth.

246 2295 296 2326 IV
317 2302 436 2336 χρῆσεν
456 2299 619 2336 οἰκιστῆρα
641 2297 763 2326 Βάττον
784 2298 988 2335 καρποφόρου
1011 2296 1131 2332 Λιβύας
1153 2319 1158 2324 .
1183 2319 1188 2324 .
1213 2298 1263 2324 ,((Ρ

344 2341 371 2379 3)
394 2341 430 2371 cf.
451 2340 538 2370 Paus.
560 2341 598 2371 X.
622 2342 668 2375 13,
689 2342 717 2378 5,
739 2341 777 2369 Χ.
801 2342 847 2377 15,
869 2341 895 2369 6.
