1770 2769
756 114 996 166 -4ᾁ-

226 236 329 272 valde
355 241 483 272 movet.
535 237 706 272 Narratio
740 237 784 272 de
810 237 946 272 Lichae
985 235 1074 272 dolo*
1105 237 1256 283 prolata,
1297 249 1366 283 quo
1402 249 1439 272 se
1477 238 1512 272 in

226 290 465 336 Tegeatarum
491 291 698 326 societatem
723 291 891 336 insinuat,
925 295 1173 336 argumentum
1206 291 1408 326 fabulosum
1440 292 1513 326 vul-

224 356 310 389 gare
336 344 446 379 habet
471 345 566 380 idem
591 344 691 389 illud,
718 344 814 390 quod
840 345 948 379 etiam
968 345 1005 379 in
1023 344 1172 380 historia
1190 345 1324 391 Zopyri
1342 345 1512 380 videmus.

225 398 390 442 Accedit,
417 398 514 443 quod
540 397 717 434 Oresthes
742 398 779 432 in
805 398 965 433 Arcadia
989 398 1122 443 passim
1147 398 1375 446 colebamrst)
1402 399 1512 445 quod-

227 464 296 497 que
322 453 380 487 vix
414 452 490 487 eius
524 452 726 497 sepulcrum
753 452 921 497 Tegeatis
959 452 1046 497 ipsis
1084 452 1189 497 plane
1227 453 1386 497 ignotum
1424 458 1512 488 erat.

225 506 425 540 Pausanias
451 510 586 551 narrat,
615 517 652 540 se
678 506 795 551 ipsum
821 505 950 540 vidisse
975 509 1097 552 μνῆμα
1115 505 1265 550 Orestis,
1292 507 1386 542 unde
1405 506 1512 552 Spar-

226 563 332 595 tanus
359 571 440 594 ossa
466 559 685 596 abstulisset.
736 558 858 594 Etiam
897 558 965 593 1100
997 562 1162 604 testatur,
1200 571 1271 594 non
1309 572 1390 595 ossa
1429 572 1514 595 casu

226 614 370 649 inventa
397 614 461 649 sed
486 614 656 659 reliquias
683 625 803 648 sacras
830 625 851 648 a
877 612 1045 658 Tegeatis
1072 613 1185 648 cultas
1211 613 1330 659 fuisse,
1363 627 1514 660 quarum

225 668 414 703 translatio
440 672 514 703 tam
539 668 658 713 magni
683 668 852 702 momenti
879 670 968 703 erat.
996 665 1077 710 Sed,
1116 679 1179 702 cm·
1204 667 1378 703 officinam
1403 670 1514 703 ferra-

226 722 316 757 riam
342 722 506 757 inventor
530 721 674 756 fabulae
707 721 823 766 elegit,
859 720 920 755 ubi
953 733 1034 755 ossa
1068 725 1211 766 reperta
1244 734 1321 757 esse
1356 722 1514 758 diceret?

226 776 359 811 Lichas
386 776 596 821 peregrinus
624 779 702 810 erat
728 775 881 820 Tegeae.
934 773 1026 809 Cum
1051 775 1227 819 hospitem
1257 787 1328 810 non
1354 776 1513 819 haberet,

226 830 426 875 proximum
453 829 485 863 ei
512 832 600 870 erat,
636 833 677 863 ut
709 828 867 863 fabricae
903 827 1095 873 hospitium
1126 828 1357 875 quael-eret.²)
1408 829 1514 864 Hanc

228 883 272 918 ob
299 894 374 917 rem
400 886 525 917 auctor
550 882 693 917 fabulae
720 882 860 916 fabrum
886 882 923 915 in
949 881 1191 916 narrationem
1217 882 1423 917 introduxit.

325 950 429 985 Haec
468 950 585 985 omnia
624 953 749 985 contra
785 961 909 984 versus
936 951 957 984 2
985 952 1021 984 et
1047 950 1067 983 3
1094 948 1368 995 adiunctamque
1394 962 1516 985 narra-

227 1004 361 1038 tionem
386 1007 526 1038 tantum
544 1003 665 1039 afferri
681 1007 842 1048 possunt.
878 1002 1009 1046 Causa,
1037 1014 1100 1036 cur
1127 1002 1170 1037 de
1197 1003 1414 1047 genuinitate
1440 1015 1515 1038 ver-

228 1069 331 1091 suum
360 1059 390 1100 1,
418 1058 450 1100 4,
480 1059 500 1091 5
529 1056 742 1101 dubitemus,
769 1068 841 1091 non
868 1059 996 1091 exstat.
1032 1054 1190 1101 Simplex
1216 1056 1283 1090 1100
1308 1056 1415 1091 trium
1441 1068 1516 1091 ver·

229 1123 331 1146 suum
357 1111 541 1146 oraculum
566 1123 638 1146 non
664 1111 849 1146 victoriam
874 1110 1058 1156 praesagit
1084 1110 1148 1145 sed
1173 1110 1349 1155 promittit
1365 1114 1515 1154 tantum,

228 1164 533 1199 Lacedaemonios
572 1164 754 1199 adiutores
781 1164 1021 1208 Tegeatarum
1060 1163 1136 1198 fore
1169 1164 1403 1199 translatione
1436 1164 1516 1199 reli-

229 1218 393 1263 quiarum
419 1218 653 1262 heroicarum,
679 1218 703 1252 i.
731 1229 761 1253 e.
789 1217 906 1252 locum
932 1217 1051 1252 herois
1078 1216 1228 1260 Orestis,
1263 1217 1415 1263 patroni,
1457 1229 1516 1252 eos

229 1271 325 1316 apud
351 1271 528 1315 Tegeatas
556 1272 766 1307 obtenturos
793 1283 881 1307 esse.
934 1270 1117 1315 Condicio,
1145 1283 1216 1316 qua
1242 1272 1309 1306 1100
1335 1272 1517 1306 oraculum

230 1324 352 1359 datum
379 1329 443 1368 est,
472 1325 560 1359 haee
587 1337 664 1359 esse
692 1325 848 1359 videtur:
888 1324 1166 1359 Lacedaemonii
1200 1325 1402 1369 superiores
1436 1328 1518 1358 sunt

229 1377 413 1423 Tegeatis:
462 1376 699 1425 ἐπιτάρροθοι
747 1378 927 1413 hominum
972 1377 1069 1423 apud
1106 1378 1305 1413 Homerum
1345 1378 1401 1413 dei
1440 1390 1516 1413 esse

230 1432 354 1467 solent.
384 1433 577 1477 Tegeatae,
603 1432 697 1467 bello
725 1433 818 1475 victi,
847 1444 982 1477 pacem,
1010 1432 1197 1467 honestam
1215 1444 1310 1475 sane,
1339 1432 1517 1467 redimunt

228 1484 385 1521 foedere.
441 1485 524 1521 Alia
559 1498 644 1521 voce
684 1490 792 1532 atque
830 1484 1116 1533 ,,ἒπιτα’ρροθος“
1153 1489 1317 1521 uteretur
1352 1486 1438 1521 deus
1474 1486 1517 1521 de

228 1538 428 1574 hominibus
464 1541 508 1574 in‘
534 1541 741 1575 servitutem
775 1541 965 1575 heloticam
1003 1540 1170 1575 redactis.
1223 1540 1327 1575 Nova
1366 1541 1517 1575 societas

230 1593 388 1627 sancitur
414 1594 554 1628 actione
582 1605 694 1629 sacra.
722 1614 769 1618 —-
796 1593 958 1639 Suspicio
985 1594 1023 1627 in
1055 1597 1199 1638 promtu
1225 1597 1290 1637 est,
1324 1594 1426 1628 nobis
1461 1594 1517 1628 1110

230 1650 408 1681 servatum
435 1659 513 1682 esse
538 1648 781 1682 testimonium
807 1652 977 1692 acceptae
994 1647 1031 1681 in
1050 1647 1397 1682 confoederationem
1414 1648 1518 1682 Pelo-

228 1701 480 1743 ponnesiacam
507 1700 661 1746 Tegeae.
713 1700 867 1745 Quando
894 1700 961 1735 1100
987 1700 1120 1735 factum
1147 1701 1203 1745 sit,
1244 1701 1404 1745 quaestio
1433 1700 1518 1735 diffi—

230 1752 306 1788 cilis
334 1757 397 1789 est.
449 1753 628 1789 Herodoti
654 1755 896 1790 narrationem
922 1754 1048 1790 leviter
1074 1754 1299 1799 perlegentes
1326 1754 1518 1800 responde-

229 1806 360 1842 bimus:
389 1807 514 1843 Croesi
540 1808 772 1853 temporibus.
800 1809 854 1843 At
879 1808 977 1843 haud
994 1808 1087 1843 levia
1113 1808 1273 1843 obstant:
1300 1808 1409 1843 Brevi
1435 1813 1517 1843 ante

229 1860 325 1894 bella
350 1861 508 1905 Persica,
548 1865 588 1896 ut
626 1865 751 1896 narrat
789 1861 998 1896 Herodotus
1026 1860 1099 1908 (IX
1126 1861 1204 1908 37);
1248 1862 1518 1909 Hegesistratus

328 1992 350 2027 ¹)
372 1992 408 2020 cf.
430 1992 579 2021 Steinium
601 1993 639 2021 ad
660 1992 676 2020 I
697 1994 735 2023 67
746 1993 769 2013 ¹⁰
790 1995 820 2021 et
840 1992 888 2021 IX
910 1994 945 2022 11
954 1993 987 2022 ¹5.

326 2051 350 2085 2)
372 2051 408 2079 cf.
431 2050 475 2080 St.
496 2051 534 2081 N.
556 2052 751 2089 Dragoumis:
774 2053 881 2091 (ππερὶ
904 2052 1070 2090 λεσχῶν.“)
1113 2052 1235 2088 (Athen.
1266 2051 1407 2081 Mittheil.
1442 2054 1517 2082 1892

230 2094 299 2130 (vol.
319 2093 430 2129 XVII)
453 2105 481 2132 p.
504 2096 560 2126 147
582 2098 656 2133 sq.):
677 2095 834 2125 Melantho
850 2095 919 2134 (od.
935 2097 961 2132 6,
977 2097 1046 2132 328)
1061 2096 1183 2125 Ulixem
1197 2096 1367 2125 mendicum
1383 2096 1517 2125 officinae

230 2137 394 2175 hospitium
416 2149 559 2176 quaerere
580 2140 663 2169 iubet
683 2139 795 2169 verbis:

426 2190 512 2224 „056¹
534 2189 661 2225 ἐθέλεις
682 2190 787 2218 εὕδειν
807 2190 967 2227 χαλκήιον
988 2193 1019 2226 ἐς
1041 2191 1139 2228 δόμον
1160 2190 1288 2223 ἐλθὼν;

232 2235 269 2263 cf.
292 2236 383 2265 schol.
407 2237 445 2265 ad
465 2237 539 2266 Hes.
561 2247 630 2274 opp.
653 2240 683 2267 et
704 2237 753 2266 dd.
775 2239 830 2268 491
854 2237 961 2273 (Gaisf.
983 2249 1012 2276 p.
1034 2239 1104 2273 304)

338 2308 345 2321 ,
399 2309 404 2314 .
428 2309 434 2314 .
457 2287 492 2315 τὰ
513 2287 650 2324 χαλκεῖα
672 2288 759 2326 παρὰ
780 2292 843 2324 τοῖς
857 2288 1009 2324 παλαιοῖς
1030 2288 1137 2327 ἄθυρα
1159 2290 1199 2326 ’ἦν
1214 2290 1265 2317 καὶ
1289 2291 1304 2317 ὁ
1326 2289 1522 2327 βουλόμενος

231 2330 315 2366 ἐσῄει
339 2331 390 2358 καὶ
414 2330 620 2368 ἐθερμαίνετο
643 2333 694 2359 καὶ
717 2334 746 2359 οἱ
768 2334 897 2368 πένητες
919 2334 986 2360 ἐκεῖ
1005 2334 1204 2370 ἐκοιμῶντο.“
