1770 2769
716 181 958 214 *33*

195 284 417 332 Wecklein1)
459 290 571 321 totam
614 287 856 321 narrationem
899 285 1055 320 fabulam
1102 287 1360 321 sacerdotalem
1405 299 1482 322 esse

193 341 308 383 putat,
335 338 527 386 Pomtow2)
554 339 777 374 mirabilibus
801 343 941 374 tantum
969 339 1122 385 demptis
1149 351 1226 374 eam
1255 352 1372 375 veram
1405 352 1483 376 esse

194 396 326 436 censet,
360 393 490 429 Busolt
524 393 603 436 (ΙΙ11
629 406 662 439 p.
691 394 761 428 689
789 396 857 438 sq.)
893 397 996 427 caute
1036 393 1132 435 dicit,
1169 393 1357 428 verisimile
1394 406 1482 438 esse,

192 444 324 480 Persas
343 458 420 481 esse
439 447 602 491 repulsos
620 459 642 481 a
660 446 814 491 Delphis
829 450 865 480 et
878 446 1136 489 Phocensibus,
1153 447 1214 490 qui
1228 446 1381 481 fortasse
1395 451 1483 481 tem-

193 499 392 543 pestatibus
419 499 533 535 adiuti
561 503 693 536 essent.
754 499 833 545 Ego
860 511 939 534 cum
968 499 1191 534 Weckleiuio
1219 499 1325 541 facio;
1360 503 1480 535 tamen

193 551 300 588 liceat
324 553 421 598 mihi,
454 565 533 588 cum
567 565 638 588 non
672 553 778 598 plane
812 553 938 587 iisdem
973 553 1192 597 argumentis
1226 553 1330 596 nitar,
1366 565 1479 588 meam

193 605 397 648 opinionem
423 606 626 651 explanare.

289 657 476 694 Habemus
503 659 622 705 duos⁸)
647 659 773 694 harum
792 670 910 694 rerum
928 662 1040 694 testes
1058 659 1233 704 antiquos,
1252 659 1478 694 Herodotum

194 716 230 747 et
254 712 451 758 Ephorum,
479 725 630 758 quorum
655 714 880 762 narrationes
899 714 1100 748 accuratius
1118 713 1360 757 inspiciendae
1380 718 1476 748 sunt:

192 765 403 801 Herodotus
430 767 527 812 dicit,
545 767 709 813 Delphos
735 767 851 811 deum,
880 778 958 802 cum
985 766 1205 801 audivissent
1222 770 1359 812 partem
1379 778 1476 802 exer·

194 819 286 855 citus
312 819 451 857 Persici
478 823 778 868 appropinquare,
814 821 1034 857 consuluisse
1062 820 1105 855 de
1132 821 1239 856 rebus
1267 822 1376 856 sacris
1404 833 1476 856 ser-

194 874 335 918 vandis3
374 875 581 920 Apollinem
608 876 848 921 respondisse,
874 875 925 908 nil
960 886 1037 909 esse
1071 874 1148 908 loco
1183 874 1404 918 movendum,
1440 886 1477 909 se

192 927 309 972 ipsum
337 940 401 963 sua
427 929 620 965 defendere
646 941 768 976 posse3
795 929 862 964 hoc
881 927 1025 964 oraculo
1044 931 1190 972 accepto
1209 927 1290 963 illos
1307 928 1344 962 in
1361 932 1475 963 tutum

194 981 387 1017 contulisse
421 983 553 1019 liberos
589 988 625 1019 et
657 996 797 1028 uxores,
831 984 929 1028 ipsos
962 982 999 1016 in
1034 981 1205 1016 Parnassi
1239 982 1405 1016 verticem
1442 986 1479 1016 et

193 1038 335 1069 antrum
363 1035 553 1081 Corycium
580 1037 883 1083 Amphissamque
917 1035 1071 1081 fugisse,
1114 1034 1267 1079 Delphis
1301 1035 1477 1069 neminem

193 1088 262 1123 nisi
295 1087 492 1126 Aceratum
526 1092 739 1140 prophetam
777 1103 857 1126 cum
897 1089 1083 1134 sexaginta
1126 1089 1210 1124 viris
1247 1089 1477 1133 remansisset,

193 1141 299 1186 hunc⁷
327 1156 407 1178 cum
438 1146 509 1180 iam
535 1147 705 1191 templum
746 1145 1017 1190 conspexissent
1054 1143 1199 1177 barbari
1237 1142 1476 1186 advenientes,

193 1194 323 1231 vidisse
350 1209 450 1233 arma
476 1210 579 1234 sacra
605 1203 707 1235 extra
732 1199 858 1234 aedem
890 1198 1019 1241 iacere,
1054 1195 1276 1241 Delphisque
1301 1207 1478 1241 vpraesen-

192 1248 288 1286 tibus
314 1252 514 1298 prodigium
541 1255 743 1299 nuntiasse3
769 1253 943 1288 barbaros
969 1254 1089 1286 autem
1115 1251 1272 1294 territos,
1299 1262 1378 1285 cum
1404 1250 1474 1284 iam

193 1306 239 1339 ad
256 1306 443 1341 Minervae
461 1307 647 1342 Pronaeae
674 1307 795 1342 fanum
822 1305 1067 1349 accessissent,
1095 1303 1311 1347 fulminibus,
1339 1303 1478 1338 duobus

192 1360 365 1396 Parnassi
408 1362 652 1398 cacuminibus
696 1360 956 1404 decidentibus,
1010 1358 1165 1393 clamore
1209 1370 1253 1392 ex
1293 1357 1479 1392 Minervae

192 1415 325 1459 templo
352 1420 570 1460 personante
599 1416 751 1461 fugisse,
777 1414 952 1459 Delphos,
981 1424 1060 1447 cum
1087 1412 1263 1456 fugientes
1290 1422 1350 1445 eos
1377 1410 1479 1445 vidis-

194 1472 283 1513 sent,
311 1468 540 1505 descendisse
566 1469 770 1515 multosque
810 1467 1001 1512 occidisse;
1040 1469 1167 1511 postea
1194 1464 1324 1499 Persas
1358 1475 1479 1508 super-

194 1522 296 1557 stites
321 1535 498 1567 narrasse,
526 1524 657 1558 vidisse
685 1535 762 1558 sese
790 1522 879 1556 duos
908 1521 1001 1555 viros
1031 1520 1207 1554 humanae
1226 1517 1480 1564 magnitudinis

193 1575 336 1610 modum
377 1577 601 1622 excedentes,
641 1577 703 1622 qui
738 1576 870 1610 multos
903 1573 1144 1617 trucidarent,
1186 1570 1350 1616 Delphos
1390 1570 1480 1605 scire

194 1629 319 1664 horum
347 1630 496 1666 heroum
521 1632 681 1668 nomina:
708 1630 908 1676 Phylacum
935 1639 1013 1663 esse
1041 1630 1077 1662 et
1094 1626 1311 1669 Autonoum,
1331 1636 1481 1670 quorum

194 1683 278 1718 fana
302 1684 456 1730 Delphis
476 1689 675 1730 exstarent,
701 1686 788 1720 item
817 1683 876 1729 „8'3
904 1681 1034 1730 ἡμέας“
1056 1691 1178 1715 omnes
1196 1679 1356 1713 hOmineS
1373 1689 1479 1723 POSSe

194 1737 363 1773 admirari
389 1751 497 1785 rupes
523 1739 603 1775 illas
629 1738 854 1775 Parnassias.

315 1791 354 1828 Si
380 1794 490 1829 talem
525 1798 561 1829 et
593 1794 776 1829 miraculis
812 1796 848 1827 et
880 1791 988 1826 rebus
1023 1787 1272 1824 verisimilibus
1310 1785 1481 1821 refertam

193 1845 343 1890 legimus
369 1848 624 1893 narrationem,
660 1847 823 1893 quaestio
849 1845 1006 1880 animum
1032 1846 1191 1877 nostrum
1219 1840 1325 1884 subit,
1360 1843 1481 1874 utrum

194 1912 281 1935 sana
307 1900 390 1936 olim
416 1902 545 1937 relatio
572 1905 742 1947 corrupta
768 1901 815 1936 sit
840 1899 949 1935 rebus
974 1896 1200 1932 mirabilibus
1226 1894 1406 1937 immixtis,
1433 1905 1481 1928 an

193 1954 253 1998 pia
285 1953 408 1989 fabula
441 1956 549 1991 rebus
583 1954 807 1990 naturalibus
842 1951 1067 1988 verisimilior
1102 1949 1208 1983 facta.
1279 1946 1352 1981 Hic
1393 1946 1482 1981 mihi

192 2006 281 2041 illud
307 2008 510 2054 negandum
528 2009 595 2044 hoc
613 2007 858 2044 affirmandum
878 2017 955 2041 esse
974 2004 1124 2039 videtur.
1168 2002 1269 2036 Deus
1287 2001 1363 2046 ipse
1382 2000 1480 2045 dicit,

195 2072 259 2095 sua
286 2073 362 2096 sese
390 2062 620 2098 defensurum
647 2074 742 2107 esse,
769 2061 956 2107 sexaginta
973 2058 1043 2093 illis
1061 2055 1283 2091 homunculis
1301 2066 1373 2089 non
1391 2066 1482 2099 opus

294 2167 314 2203 ¹)
335 2165 372 2194 N.
385 2166 559 2195 Wecklein:
576 2157 678 2203 „liber
692 2165 741 2194 die
756 2163 914 2193 Tradition
927 2162 982 2191 der
994 2158 1230 2197 Perserkriege.“
1262 2156 1483 2195 (Sitzungsber.

193 2211 221 2239 d.
245 2210 326 2247 bayr.
347 2211 407 2241 Ak.
429 2211 591 2242 Phil.-hist.
615 2210 657 2239 Ol.
680 2211 769 2246 1876,
790 2219 819 2246 p.
841 2207 1021 2242 239—314.)
1375 2246 1381 2251 .

290 2256 318 2292 Ξ)
341 2254 384 2286 Η.
405 2255 443 2285 R.
465 2256 620 2284 Pomtow:
644 2253 935 2292 „Untersuchungen
963 2259 1015 2278 zur
1043 2246 1251 2286 griechischen
1272 2246 1480 2276 Geschichte.“

193 2300 312 2337 (Jahrb.
334 2300 384 2329 fiir
404 2300 481 2329 Phil.
503 2310 532 2330 u.
552 2298 644 2329 Paed.
667 2299 723 2330 129
745 2297 849 2334 (1884)
869 2306 899 2334 Ρ.
919 2294 1094 2326 225-263.)
1298 2335 1303 2340 “
1340 2335 1346 2340 ·

291 2346 315 2383 ²¹)
337 2344 457 2382 Insana,
488 2354 564 2382 quae
592 2343 707 2381 profert
735 2341 849 2371 Ctesias
880 2340 930 2377 (fr.
954 2340 1000 2375 29,
1028 2340 1045 2373 ξ
1066 2339 1112 2373 25,
1134 2337 1184 2374 27)
1214 2344 1348 2363 unamml
1378 2343 1482 2363 omnes

194 2390 357 2428 neglegunt
379 2389 428 2425 (cf.
450 2389 540 2418 etiam
560 2387 640 2416 Plut.
662 2386 763 2415 Numa
781 2387 825 2423 9).

1425 2437 1443 2466 3
