1770 2769
243 262 322 299 Nos
349 275 472 300 versus
505 264 644 309 docent,
679 265 750 300 iam
777 265 924 310 Tyrtaei
956 266 1176 311 temporibus
1202 265 1408 312 Apollinem
1443 267 1526 302 civi-

242 317 327 352 tatis
365 318 639 363 compositorem
680 318 923 363 praedica-tum
962 330 1051 353 esse.
1114 318 1311 355 Auctorem
1344 319 1525 355 Herodoti

241 370 511 416 philodelphum
535 370 695 405 videmus
721 382 794 405 non
817 382 947 405 novum
973 371 1145 407 honorem
1178 373 1395 417 quaesivisse
1412 372 1525 418 Apol-

241 423 305 458 lini
331 427 530 459 commento
557 436 632 469 suo,
676 424 740 460 sed
765 435 978 470 recuperare
1015 428 1155 461 tantum
1193 426 1371 462 studuisse
1410 427 1524 471 illum,

240 489 344 523 quem
371 478 514 513 fabulae
541 478 750 523 Lycurgeae
775 479 978 513 inventores
1005 478 1071 513 deo
1099 479 1345 514 detraxerant.

749 1010 917 1047 CAPUT
945 1012 1017 1046 XI.

460 1109 537 1153 De
569 1108 755 1165 Pythia
786 1109 1007 1165 pecunia
1039 1112 1301 1165 corrupta.

338 1226 472 1272 Quinto
500 1227 643 1262 saeculo
670 1226 803 1263 Graeci
830 1227 919 1263 duas
945 1227 1149 1263 historiolas
1187 1228 1395 1270 narrabant,
1436 1238 1527 1272 quae

240 1281 382 1315 minime
401 1281 551 1316 idoneae
571 1285 673 1316 erant
691 1281 737 1315 ad
755 1281 905 1326 gloriam
923 1281 1059 1316 oraculi
1077 1281 1246 1326 Delphici
1264 1281 1526 1327 divulgandam.

238 1333 359 1369 Etiam
387 1334 451 1369 has
477 1334 687 1370 Herodotus
713 1334 816 1370 nobis
841 1334 968 1370 tradit:
998 1335 1252 1370 Alcmeonidas
1278 1335 1432 1380 pecunia
1457 1334 1525 1379 Py-

239 1387 350 1422 thiam
377 1387 570 1432 impulisse,
598 1391 639 1423 ut
665 1387 864 1433 Spartanos
890 1392 1016 1423 contra
1041 1388 1290 1423 Pisistratidas
1316 1387 1527 1423 accenderet

238 1439 289 1486 (V
308 1440 381 1487 63),
409 1440 649 1485 Cleomenem,
676 1444 727 1486 ut,
754 1453 826 1476 non
853 1453 930 1476 esse
948 1441 1184 1476 Demaratum
1203 1441 1386 1476 Aristonis
1403 1440 1526 1484 filium,

239 1498 395 1529 caneret.
423 1494 495 1540 (Vl
511 1496 571 1539 66)
589 1494 814 1540 Delphorum
828 1495 994 1529 nimirum
1012 1495 1078 1530 has
1097 1495 1321 1530 narrationes
1335 1495 1528 1540 propagari

236 1548 325 1583 nihil
351 1548 534 1583 intererat.
563 1548 655 1583 Sunt
681 1552 800 1584 tamen
830 1548 970 1593 indicia,
999 1560 1090 1594 quae
1121 1548 1267 1593 faciunt,
1294 1552 1335 1583 ut
1367 1547 1526 1593 credam,

238 1602 465 1637 Herodotum
492 1602 598 1637 etiam
625 1601 681 1638 his
708 1602 751 1637 de
778 1601 885 1638 rebus
912 1614 992 1638 cum
1018 1606 1164 1638 auctore
1198 1614 1261 1637 suo
1295 1602 1526 1647 philodelpho

238 1656 452 1691 collocutum
477 1668 570 1691 esse:
599 1657 732 1690 crimen
751 1656 904 1702 Pythiae
931 1659 1064 1691 temere
1083 1660 1272 1691 accusatae
1290 1668 1312 1691 a
1331 1667 1368 1691 se
1387 1655 1527 1690 amoliri

238 1709 367 1756 studet,
405 1713 517 1744 testes
555 1710 723 1745 invocans
762 1709 1004 1745 Athenienses
1046 1705 1117 1752 ηὼς
1142 1703 1191 1745 ὧν
1221 1708 1262 1754 δὴ
1287 1708 1321 1744 οἱ
1344 1704 1378 1744 'A
1452 1715 1527 1744 αῑοι

236 1768 388 1821 lagoum,
416 1762 513 1802 οὗτοι
540 1767 573 1802 οἱ
599 1764 721 1814 ἄνδρες
746 1766 782 1803 ἐν
809 1768 986 1815 Δελφοῖσι
1018 1769 1205 1814 κατήμενοι
1238 1769 1435 1802 ανέπειθον
1465 1781 1527 1801 τνν

236 1827 377 1873 Πυθίην
399 1824 573 1873 χρήμασι“
604 1829 639 1861 et
665 1826 869 1861 cautissime
896 1826 983 1861 dicit
1007 1821 1269 1870 „lilaea-summat
1286 1823 1356 1860 δὲ’
1341 1827 1527 1890 εμφανέως

238 1875 489 1950 rtl-evaffe‘qwoav
506 1879 703 1927 (Athenas)
723 1880 795 1928 (VI
815 1880 910 1927 123),
937 1874 1163 1934 ει-ιῙ-οὗτοί
1188 1893 1228 1926 γε
1253 1872 1457 1933 αλῃθέωςς
1437 1890 1526 1915 τσαν

237 1937 270 1972 οἱ
297 1938 358 1986 τὴν
376 1941 516 1986 Πυθίην
540 1934 797 1980 αναπείσαντες
822 1942 1077 1994 προσῃμαίιτιν
1092 1939 1407 1983 Λακεδαιμονίοισι
1429 1936 1525 1973 ἐλευ-

235 2000 367 2042 θεροῦν
391 1997 456 2040 τὰς
471 1993 653 2051 Αθήνας.“
684 1999 812 2034 Nonne
837 1999 963 2035 timida
981 2000 1069 2034 haec
1088 1999 1196 2033 verba
1213 1999 1366 2033 fortasse
1385 1999 1524 2043 signum

237 2061 329 2101 sunt,
366 2057 561 2102 denegasse
595 2057 865 2102 philodelph'um
898 2061 1010 2092 totam
1045 2069 1131 2093 rem.
1172 2078 1217 2082 —
1251 2057 1383 2092 Exstat
1417 2057 1525 2091 etiam

236 2109 336 2146 locus
371 2111 466 2156 apud
500 2110 738 2156 Herodotum,
777 2111 838 2157 qui
877 2111 1108 2156 demonstrat,
1149 2110 1192 2146 de
1219 2111 1418 2146 Demarato
1453 2122 1524 2145 non

235 2164 303 2199 nisi
328 2177 413 2199 vera
429 2165 620 2209 protulisse
639 2165 819 2210 Pythiam,
845 2177 925 2199 cum
943 2165 1078 2200 diceret
1107 2163 1178 2212 ,μὴ
1201 2160 1409 2210 Ἀρίστωνος
1434 2161 1525 2199 εἶναι

237 2217 448 2265 Δημάρητον
473 2217 617 2253 παῖδα.“
648 2218 819 2253 Sermone
846 2219 941 2253 enim
965 2219 1100 2253 inserto
1127 2218 1199 2264 (VI
1227 2219 1272 2253 68
1300 2217 1379 2264 sq.)‚
1419 2229 1523 2263 quem

236 2284 316 2307 cum
342 2276 455 2307 matre
483 2272 702 2308 Demaratus
729 2272 932 2317 contulerit,
973 2272 1221 2318 comperimus,
1262 2285 1299 2307 re
1334 2284 1419 2307 vera
1453 2284 1524 2307 non

235 2326 408 2361 Aristona
435 2326 498 2361 sed
521 2326 756 2361 Astrabacum
776 2326 886 2361 heroa
903 2338 1110 2371 procreasse
1130 2326 1379 2362 Demaratum.
1406 2326 1522 2360 Hero-
