1770 2769
766 123 821 149 ..·
868 127 1009 160 15—

239 228 423 276 (Loxias)“
453 231 595 275 excepit
611 235 759 276 propter
777 232 891 267 locum
911 234 1186 278 praecedentem
1205 235 1250 280 (c.
1267 235 1328 280 81)
1347 233 1528 280 „fimat-w

237 283 376 329 λέγεται
412 279 484 318 ὑπὸ
509 283 635 318 Λυδῶν
667 289 903 330 Κροῖσον...
944 285 1199 331 ἐπιβώσασθαι
1233 287 1293 322 τὸν
1326 283 1527 322 Ἀπόλλωνα

238 334 509 381 ἐπικαλεόμενον
535 341 602 372 etc.
623 340 690 372 etc.
697 340 713 356 ‘⁴
743 337 858 374 Nobis
884 339 939 375 his
965 340 1083 376 verbis
1110 341 1328 405 excipiendis
1360 341 1527 376 addenda

238 395 322 426 sunt
340 392 445 427 haec:
473 390 585 435 „narde
603 391 640 426 δὲ
656 390 698 427 τὸ
714 392 883 439 μαντήιον
900 393 942 429 τὸ
959 394 1142 439 γενόμενον
1161 391 1221 430 οὔκ
1240 391 1362 441 ὀρθῶς
1374 400 1527 441 Κροῖσος

235 446 428 492 μέμφεται.
435 443 670 508 προηγόρευε
696 444 763 492 γὰρ
786 441 805 480 ὁ
823 446 963 494 Λοξίης,
990 444 1031 494 ἢν
1048 448 1279 495 στρατεύηται
1297 448 1358 484 ἐπὶ
1376 451 1525 495 Πέρσας,

234 497 389 546 μεγάλην
422 493 528 546 αρχὴν
562 494 668 535 αυτὸν
692 498 912 535 καταλύσειν.
951 500 1011 536 τὸν
1049 501 1085 537 δὲ
1124 501 1213 549 πρὸς
1238 506 1349 538 ταῦτα
1371 506 1457 568 χρῆν
1487 496 1525 538 εὖ

234 552 406 596 μέλλοντα
430 553 666 597 βουλεύεσθαι
692 552 906 600 ἐπείρεσθαι
932 558 1126 599 πέμψαντα
1151 556 1276 602 κότερα
1301 556 1362 603 τὴν
1393 556 1525 591 ἑωυτοῦ

236 601 257 650 ἥ
282 604 344 653 τὴν
370 605 485 653 Κύρου
509 606 605 652 λέγοι
629 602 746 653 ἀρχήν.
775 602 816 642 ου’
842 607 1020 653 συλλαβών
1045 608 1082 643 δὲ
1106 607 1147 644 τὸ
1173 609 1284 657 ῥηθὲν
1310 605 1350 645 οὗ
1414 608 1523 645 ἐπαν-

235 660 414 706 ειρόμενος
438 659 567 696 ἑωυτὸν
597 659 711 696 αἴτιον
744 656 988 708 αποφαινέτω
993 663 1012 681 “
1056 662 1294 708 Cognovimus
1328 665 1385 699 eni
1456 665 1522 699 hoc

236 713 280 748 de
313 714 496 758 perdendo
531 726 641 759 regno
677 715 800 749 datum
834 715 1018 750 oraculum
1053 728 1124 751 non
1157 728 1320 752 manasse
1355 730 1373 752 e
1424 717 1521 752 fonte

235 767 479 813 philodelpho.

334 822 524 857 Difficilior
542 822 705 867 quaestio
725 826 780 858 est
798 823 841 857 de
860 823 1301 869 1000;,,προθυμεομένου
1317 824 1354 860 δὲ
1370 824 1520 867 Λοξίεω,

233 872 325 917 όκως
341 889 385 910 αν
402 875 491 910 κατὰ
509 875 591 918 τοὺς
608 876 741 918 παῖδας
757 880 820 911 τοῦ
836 879 991 922 Κροίσου
1009 879 1144 922 γένοιτο
1166 877 1206 913 τὸ
1225 878 1379 925 Σαρδίων
1396 878 1521 920 πάθος

233 929 293 964 καὶ
308 928 357 976 μὴ
375 929 449 963 κατ’
469 924 573 965 αὐτὸν
588 934 755 994 Κροῖσον,1
769 925 831 964 οὔκ
848 929 923 965 οἷόν
936 943 975 965 τε
993 929 1128 976 ἐγένετο
1141 938 1358 978 παραγαγεῖν
1372 935 1518 998 Μοίρας.
1523 932 1527 936 ’

234 979 317 1017 όσον
335 982 371 1018 δὲ
397 981 566 1018 ἐνέδωκαν
591 978 706 1026 αὗται,
734 979 837 1031 ἤνυσέ
862 996 901 1018 τε
926 984 985 1018 καὶ
1012 983 1197 1031 ἐχαρίσατό
1215 998 1258 1019 οι.
1261 988 1341 1031 τρία
1357 985 1424 1032 γὰρ
1440 984 1519 1021 ε’τεα

233 1034 469 1081 ἕπανεβαλετο
494 1036 556 1083 τὴν
580 1037 737 1084 Σαρδίων
761 1034 903 1079 α’λωσιν,
931 1038 990 1071 καὶ
1008 1042 1112 1072 τοῦτο
1136 1036 1350 1073 ἐπιστάσθω
1369 1044 1520 1086 Κροῖσος

232 1085 282 1131 ιῦς
307 1086 454 1137 ὕστερον
480 1096 575 1125 τοῖσι
594 1089 688 1127 ἔτεσι
706 1090 867 1126 τούτοισι
884 1087 990 1133 ἆλους
1006 1096 1067 1138 τῆς
1084 1094 1327 1139 πεπρωμένης.
1332 1097 1353 1111 “
1378 1093 1520 1128 Auctor

232 1144 359 1178 horum
378 1145 567 1179 verborum
594 1146 657 1180 uni
682 1145 864 1180 hominum
890 1146 1015 1192 generi
1032 1146 1180 1190 triginta
1197 1150 1270 1181 tres
1289 1158 1401 1182 annos
1419 1148 1520 1182 attri-

232 1197 340 1233 buere
355 1198 503 1243 solebat,
510 1197 537 1245 1)
563 1199 659 1244 quod
673 1200 815 1234 minime
829 1199 968 1234 redolet
983 1199 1155 1245 Delphos.
1184 1199 1317 1246 Apollo
1333 1201 1426 1235 enim
1442 1205 1515 1236 tam

231 1251 353 1287 subtili
379 1252 457 1299 lege
484 1264 505 1288 a
532 1252 765 1299 scriptoribus
792 1253 1028 1299 genealogicis
1046 1254 1199 1298 inventa,
1226 1266 1333 1300 quam
1350 1255 1430 1300 ipsa
1447 1255 1520 1290 vita

230 1307 436 1352 saepissime
472 1307 664 1351 refutabat,
701 1319 738 1342 se
776 1307 1001 1353 obstringere
1028 1320 1098 1343 non
1124 1308 1250 1353 potuit,
1284 1310 1352 1344 nisi
1379 1321 1520 1354 semper

229 1360 448 1405 respondere
484 1361 656 1396 voluisset
689 1361 892 1396 hominibus
927 1362 1192 1406 quaerentibus,
1227 1374 1291 1397 cur
1326 1363 1398 1398 sive
1430 1363 1518 1397 haec

229 1414 302 1448 sive
317 1414 378 1449 illa
395 1413 494 1462 γενεή
512 1415 662 1461 triginta
680 1415 789 1449 trium
806 1426 981 1449 annorum
999 1427 1184 1450 numerum
1202 1428 1272 1450 non
1292 1416 1516 1461 explevisset.

229 1467 504 1512 Promptissima
538 1472 592 1504 est
619 1468 785 1514 suspicio,
821 1468 1050 1504 Herodotum
1083 1470 1199 1514 ipsum
1233 1470 1339 1504 trium
1373 1469 1516 1504 illorum

228 1533 404 1556 annorum
432 1534 510 1557 esse
537 1523 771 1568 inventorem,
796 1534 879 1556 nam
906 1523 1036 1558 scimus
1062 1535 1133 1557 non
1159 1524 1317 1568 ignotum
1343 1523 1456 1558 fuisse
1485 1524 1517 1558 ei

227 1575 419 1610 artificium
445 1576 533 1611 illud
560 1576 893 1622 chronologicum.²)
904 1576 932 1620 3)

326 1629 554 1665 Prooemium
580 1631 706 1678 capitis
734 1633 776 1665 91
822 1630 908 1678 ,,τὴν
938 1633 1170 1678 πεπρωμένην
1202 1636 1328 1677 μοῖραν
1362 1626 1516 1666 ἆὸύνατοί

226 1680 308 1717 ἐστι
334 1678 538 1731 ἀποφυγεῖν
562 1686 623 1719 καί
648 1686 752 1731 θεῷ(
778 1684 881 1720 locus
913 1686 1108 1720 communis
1141 1689 1205 1730 est,
1241 1685 1300 1730 qui
1328 1685 1516 1730 vestigium

226 1736 432 1782 Delphicae
460 1739 606 1784 originis
638 1750 709 1773 non
736 1739 896 1784 praebet.
937 1739 1101 1783 Restant,
1141 1751 1231 1783 quae
1271 1738 1424 1784 Delphis
1464 1744 1516 1775 at-

324 1845 349 1882 l)
371 1845 407 1874 cf.
429 1856 457 1883 p.
480 1847 507 1876 9.
530 1855 596 1874 ann.
611 1847 638 1876 3.

323 1889 351 1925 2)
374 1890 411 1919 cf.
432 1890 467 1919 II
490 1891 553 1920 142.

321 1934 348 1971 ³)
369 1934 532 1971 Perperam
553 1934 703 1963 Schubert
723 1936 763 1972 (p.
780 1936 832 1972 12)
854 1936 975 1972 iudicat,
997 1946 1154 1973 numerum
1170 1936 1226 1966 170
1247 1945 1393 1964 annorum
1410 1939 1514 1964 natum

224 1986 290 2007 esse
311 1987 348 2007 ex
370 1978 587 2016 compositione
618 1980 799 2017 (5><33¹l³)
815 1980 852 2018 4
867 1980 893 2010 3.
942 1979 1041 2009 Immo
1073 1983 1177 2009 contra
1206 1989 1347 2008 numerus
1377 1980 1395 2010 3
1412 1980 1513 2010 'natus

224 2025 270 2050 est
291 2032 328 2051 ex
350 2024 407 2053 170
423 2042 459 2046 —
475 2024 505 2060 (5
524 2027 562 2058 ><
581 2024 619 2054 33
628 2023 685 2061 ¹la).
736 2023 804 2052 Iam
835 2025 915 2053 enim
944 2027 1048 2054 auctor
1079 2025 1229 2061 antiquior
1262 2024 1431 2060 Herodoto,
1464 2026 1515 2062 qui

224 2068 367 2102 quattuor
387 2077 446 2096 non
467 2067 527 2096 tria
546 2077 658 2105 genera
678 2068 730 2096 uni
752 2068 870 2097 saeculo
891 2069 1052 2104 tribuebat,
1083 2078 1241 2097 numerum
1273 2069 1330 2098 170
1359 2069 1514 2106 cognitum

223 2109 362 2140 habebat.
403 2110 651 2139 Demonstratum
670 2111 728 2140 hoc
749 2114 796 2140 est
817 2121 834 2140 a
855 2112 1066 2140 Gutschmidio
1088 2112 1167 2148 apud
1188 2112 1287 2148 ipsum
1308 2111 1514 2141 Schubertum

222 2164 252 2191 p.
281 2155 315 2183 8:
345 2156 382 2185 22
413 2154 596 2184 Heraclidae
626 2164 662 2191 -f-
690 2157 709 2185 5
737 2155 933 2185 Mermnadae
954 2173 983 2182 =
1004 2157 1041 2187 27
1069 2166 1155 2194 reges
1187 2155 1285 2193 Lydii,
1317 2157 1353 2186 27
1384 2160 1422 2191 ><
1452 2156 1515 2194 ¹⁰⁰l4

223 2199 293 2227 anni
312 2214 341 2223 =
362 2200 419 2230 675
442 2200 519 2237 anni,
541 2200 717 2231 675—170
738 2201 816 2238 anni,
845 2201 952 2238 quibus
974 2200 1167 2230 Mermnadas
1195 2210 1338 2238 regnasse
1366 2201 1513 2230 traditum

221 2245 296 2280 erat,
317 2255 346 2264 =
365 2245 423 2275 505
445 2245 514 2272 anni
534 2244 586 2282 (cf.
609 2245 622 2273 1
643 2246 671 2275 7.
711 2245 917 2285 Ἡρακλεῖδαι
946 2268 952 2274 .
975 2268 981 2274 .
1013 2268 1018 2274 .
1051 2246 1201 2284 ἄρξαντες
1226 2247 1287 2283 μὲν
1318 2247 1370 2274 ἐπὶ
1400 2246 1456 2275 δύο
1484 2258 1514 2275 τε

221 2289 275 2316 καὶ
297 2289 397 2317 εἴκοσι
420 2290 529 2327 γενεὰς
549 2289 675 2328 ἀνδρῶν
704 2291 773 2319 ἔτεα
794 2292 886 2319 πέντε
908 2292 960 2319 καὶ
982 2292 1173 2319 πεντακόσια
1194 2294 1269 2326 παῖς
1289 2291 1376 2329 παρὰ
1397 2293 1514 2330 πατρὸς

221 2332 428 2371 ἐκδεκόμενος
449 2336 505 2371 τὴν
525 2335 648 2373 ἀρχήν.)
