<?xml version="1.0" encoding="UTF-8"?>
<!DOCTYPE html PUBLIC "-//W3C//DTD XHTML 1.0 Transitional//EN"
    "http://www.w3.org/TR/xhtml1/DTD/xhtml1-transitional.dtd">
<html xmlns="http://www.w3.org/1999/xhtml" xml:lang="en" lang="en">
 <head>
  <title>
</title>
<meta http-equiv="Content-Type" content="text/html;charset=utf-8" />
  <meta name='ocr-system' content='tesseract 3.04.00' />
  <meta name='ocr-capabilities' content='ocr_page ocr_carea ocr_par ocr_line ocrx_word'/>
</head>
<body>
  <div class='ocr_page' id='page_1' title='image "4737398_0020.png"; bbox 0 0 1770 2769; ppageno 0'>
   <div class='ocr_carea' id='block_1_1' title="bbox 709 91 949 124">
    <p class='ocr_par' dir='ltr' id='par_1_1' title="bbox 709 91 949 124">
     <span class='ocr_line' id='line_1_1' title="bbox 709 91 949 124; baseline 0 -10"><span class='ocrx_word' id='word_1_1' title='bbox 709 91 949 124; x_wconf 68' lang='lat'><strong>—13-</strong></span> 
     </span>
    </p>
   </div>
   <div class='ocr_carea' id='block_1_2' title="bbox 171 196 1471 1959">
    <p class='ocr_par' dir='ltr' id='par_1_2' title="bbox 179 196 1471 937">
     <span class='ocr_line' id='line_1_2' title="bbox 281 196 1471 240; baseline 0 -10"><span class='ocrx_word' id='word_1_2' title='bbox 281 198 313 230; x_wconf 90' lang='lat'>3.</span> <span class='ocrx_word' id='word_1_3' title='bbox 341 196 483 231; x_wconf 84' lang='lat' dir='ltr'>Deinde</span> <span class='ocrx_word' id='word_1_4' title='bbox 511 196 613 231; x_wconf 86' lang='lat' dir='ltr'>valde</span> <span class='ocrx_word' id='word_1_5' title='bbox 640 196 840 231; x_wconf 87' lang='lat' dir='ltr'>mirandum</span> <span class='ocrx_word' id='word_1_6' title='bbox 866 200 971 237; x_wconf 89' lang='lat' dir='ltr'>esset,</span> <span class='ocrx_word' id='word_1_7' title='bbox 1000 196 1160 231; x_wconf 89' lang='lat' dir='ltr'>oratione</span> <span class='ocrx_word' id='word_1_8' title='bbox 1186 196 1346 240; x_wconf 84' lang='lat' dir='ltr'>pedestri</span> <span class='ocrx_word' id='word_1_9' title='bbox 1377 208 1471 230; x_wconf 88' lang='lat' dir='ltr'>com-</span> 
     </span>
     <span class='ocr_line' id='line_1_3' title="bbox 183 249 1471 294; baseline 0 -10"><span class='ocrx_word' id='word_1_10' title='bbox 183 249 339 294; x_wconf 85' lang='lat' dir='ltr'>positum</span> <span class='ocrx_word' id='word_1_11' title='bbox 367 260 445 284; x_wconf 87' lang='lat' dir='ltr'>esse</span> <span class='ocrx_word' id='word_1_12' title='bbox 471 249 539 284; x_wconf 88' lang='lat' dir='ltr'>hoc</span> <span class='ocrx_word' id='word_1_13' title='bbox 565 249 759 292; x_wconf 89' lang='lat' dir='ltr'>oraculum,</span> <span class='ocrx_word' id='word_1_14' title='bbox 787 250 816 285; x_wconf 90' lang='lat' dir='ltr'>si</span> <span class='ocrx_word' id='word_1_15' title='bbox 843 261 923 285; x_wconf 90' lang='lat' dir='ltr'>cum</span> <span class='ocrx_word' id='word_1_16' title='bbox 943 249 1144 285; x_wconf 88' lang='lat' dir='ltr'>Schuberto</span> <span class='ocrx_word' id='word_1_17' title='bbox 1164 261 1207 284; x_wconf 87' lang='lat' dir='ltr'>ex</span> <span class='ocrx_word' id='word_1_18' title='bbox 1226 249 1352 284; x_wconf 90' lang='lat' dir='ltr'>eodem</span> <span class='ocrx_word' id='word_1_19' title='bbox 1370 249 1471 284; x_wconf 85' lang='lat' dir='ltr'>fonte</span> 
     </span>
     <span class='ocr_line' id='line_1_4' title="bbox 183 298 1470 351; baseline 0 -13"><span class='ocrx_word' id='word_1_20' title='bbox 183 302 361 348; x_wconf 82' lang='lat' dir='ltr'>Delphico</span> <span class='ocrx_word' id='word_1_21' title='bbox 388 315 495 348; x_wconf 89' lang='lat' dir='ltr'>quam</span> <span class='ocrx_word' id='word_1_22' title='bbox 530 300 633 346; x_wconf 65' lang='lat' dir='ltr'>„offla</span> <span class='ocrx_word' id='word_1_23' title='bbox 659 301 759 349; x_wconf 75' lang='grc' dir='ltr'><em>δ’ἒγιὺ</em></span> <span class='ocrx_word' id='word_1_24' title='bbox 776 331 783 338; x_wconf 94' lang='grc'><strong><em>.</em></strong></span> <span class='ocrx_word' id='word_1_25' title='bbox 799 331 806 338; x_wconf 91' lang='grc'><strong>.</strong></span> <span class='ocrx_word' id='word_1_26' title='bbox 824 307 857 338; x_wconf 86' lang='grc'>.“</span> <span class='ocrx_word' id='word_1_27' title='bbox 884 307 920 339; x_wconf 87' lang='lat' dir='ltr'>et</span> <span class='ocrx_word' id='word_1_28' title='bbox 944 298 1044 346; x_wconf 77' lang='grc' dir='ltr'><em>,,οἷλλ’</em></span> <span class='ocrx_word' id='word_1_29' title='bbox 1073 299 1156 338; x_wconf 74' lang='grc' dir='ltr'><strong><em>ὅταν</em></strong></span> <span class='ocrx_word' id='word_1_30' title='bbox 1182 300 1348 351; x_wconf 51' lang='grc' dir='ltr'><em>ἡμίονοςί(</em></span> <span class='ocrx_word' id='word_1_31' title='bbox 1377 303 1470 338; x_wconf 89' lang='lat' dir='ltr'>deri-</span> 
     </span>
     <span class='ocr_line' id='line_1_5' title="bbox 183 356 1470 404; baseline 0.001 -13"><span class='ocrx_word' id='word_1_32' title='bbox 183 356 338 392; x_wconf 89' lang='lat' dir='ltr'>vandum</span> <span class='ocrx_word' id='word_1_33' title='bbox 356 360 460 392; x_wconf 90' lang='lat' dir='ltr'>esset.</span> <span class='ocrx_word' id='word_1_34' title='bbox 488 357 710 404; x_wconf 84' lang='lat' dir='ltr'>Respondes,</span> <span class='ocrx_word' id='word_1_35' title='bbox 737 369 824 393; x_wconf 90' lang='lat' dir='ltr'>casu</span> <span class='ocrx_word' id='word_1_36' title='bbox 849 358 916 393; x_wconf 89' lang='lat' dir='ltr'>hoc</span> <span class='ocrx_word' id='word_1_37' title='bbox 941 358 1074 393; x_wconf 82' lang='lat' dir='ltr'>factum</span> <span class='ocrx_word' id='word_1_38' title='bbox 1102 369 1180 393; x_wconf 87' lang='lat' dir='ltr'>esse</span> <span class='ocrx_word' id='word_1_39' title='bbox 1206 358 1470 402; x_wconf 84' lang='lat' dir='ltr'>genuinamque</span> 
     </span>
     <span class='ocr_line' id='line_1_6' title="bbox 183 409 1471 456; baseline 0.001 -11"><span class='ocrx_word' id='word_1_40' title='bbox 183 410 332 445; x_wconf 88' lang='lat' dir='ltr'>formam</span> <span class='ocrx_word' id='word_1_41' title='bbox 350 411 502 445; x_wconf 89' lang='lat' dir='ltr'>inveniri</span> <span class='ocrx_word' id='word_1_42' title='bbox 520 411 616 456; x_wconf 83' lang='lat' dir='ltr'>apud</span> <span class='ocrx_word' id='word_1_43' title='bbox 633 409 866 446; x_wconf 86' lang='lat' dir='ltr'>Aristotelem</span> <span class='ocrx_word' id='word_1_44' title='bbox 874 412 898 456; x_wconf 88' lang='lat'>¹)</span> <span class='ocrx_word' id='word_1_45' title='bbox 917 416 953 446; x_wconf 91' lang='lat' dir='ltr'>et</span> <span class='ocrx_word' id='word_1_46' title='bbox 975 412 1107 446; x_wconf 89' lang='lat' dir='ltr'>multos</span> <span class='ocrx_word' id='word_1_47' title='bbox 1135 412 1364 456; x_wconf 81' lang='lat' dir='ltr'>posteriores,</span> <span class='ocrx_word' id='word_1_48' title='bbox 1385 423 1471 456; x_wconf 91' lang='lat' dir='ltr'>quo-</span> 
     </span>
     <span class='ocr_line' id='line_1_7' title="bbox 182 464 1469 510; baseline 0.002 -12"><span class='ocrx_word' id='word_1_49' title='bbox 182 477 261 499; x_wconf 88' lang='lat' dir='ltr'>rum</span> <span class='ocrx_word' id='word_1_50' title='bbox 286 464 413 499; x_wconf 87' lang='lat' dir='ltr'>relatio</span> <span class='ocrx_word' id='word_1_51' title='bbox 440 465 548 499; x_wconf 89' lang='lat' dir='ltr'>etiam</span> <span class='ocrx_word' id='word_1_52' title='bbox 574 464 620 498; x_wconf 89' lang='lat' dir='ltr'>ad</span> <span class='ocrx_word' id='word_1_53' title='bbox 646 467 828 499; x_wconf 85' lang='lat' dir='ltr'>auctorem</span> <span class='ocrx_word' id='word_1_54' title='bbox 855 465 1071 510; x_wconf 89' lang='lat' dir='ltr'>Delphicum</span> <span class='ocrx_word' id='word_1_55' title='bbox 1098 465 1288 500; x_wconf 86' lang='lat' dir='ltr'>referenda</span> <span class='ocrx_word' id='word_1_56' title='bbox 1315 465 1371 501; x_wconf 87' lang='lat' dir='ltr'>sit.</span> <span class='ocrx_word' id='word_1_57' title='bbox 1416 464 1469 500; x_wconf 90' lang='lat' dir='ltr'>At</span> 
     </span>
     <span class='ocr_line' id='line_1_8' title="bbox 182 518 1469 564; baseline 0 -11"><span class='ocrx_word' id='word_1_58' title='bbox 182 518 321 553; x_wconf 87' lang='lat' dir='ltr'>videtur</span> <span class='ocrx_word' id='word_1_59' title='bbox 354 530 477 554; x_wconf 82' lang='lat' dir='ltr'>versus</span> <span class='ocrx_word' id='word_1_60' title='bbox 512 518 572 553; x_wconf 92' lang='lat' dir='ltr'>ille</span> <span class='ocrx_word' id='word_1_61' title='bbox 607 518 774 553; x_wconf 90' lang='lat' dir='ltr'>inventus</span> <span class='ocrx_word' id='word_1_62' title='bbox 808 530 885 554; x_wconf 91' lang='lat' dir='ltr'>esse</span> <span class='ocrx_word' id='word_1_63' title='bbox 920 519 965 554; x_wconf 87' lang='lat' dir='ltr'>ab</span> <span class='ocrx_word' id='word_1_64' title='bbox 1000 519 1114 554; x_wconf 87' lang='lat' dir='ltr'>otioso</span> <span class='ocrx_word' id='word_1_65' title='bbox 1141 519 1261 564; x_wconf 87' lang='lat' dir='ltr'>aliquo</span> <span class='ocrx_word' id='word_1_66' title='bbox 1286 519 1469 554; x_wconf 88' lang='lat' dir='ltr'>Herodoti</span> 
     </span>
     <span class='ocr_line' id='line_1_9' title="bbox 181 571 1467 617; baseline 0.001 -11"><span class='ocrx_word' id='word_1_67' title='bbox 181 572 325 616; x_wconf 87' lang='lat' dir='ltr'>lectore,</span> <span class='ocrx_word' id='word_1_68' title='bbox 366 573 426 617; x_wconf 91' lang='lat' dir='ltr'>qui</span> <span class='ocrx_word' id='word_1_69' title='bbox 465 584 606 607; x_wconf 90' lang='lat' dir='ltr'>versum</span> <span class='ocrx_word' id='word_1_70' title='bbox 645 571 707 606; x_wconf 92' lang='lat' dir='ltr'>illo</span> <span class='ocrx_word' id='word_1_71' title='bbox 740 572 818 606; x_wconf 93' lang='lat' dir='ltr'>loco</span> <span class='ocrx_word' id='word_1_72' title='bbox 852 572 1090 615; x_wconf 85' lang='lat' dir='ltr'>desiderabat,</span> <span class='ocrx_word' id='word_1_73' title='bbox 1127 584 1197 607; x_wconf 91' lang='lat' dir='ltr'>non</span> <span class='ocrx_word' id='word_1_74' title='bbox 1232 585 1254 606; x_wconf 90' lang='lat' dir='ltr'>a</span> <span class='ocrx_word' id='word_1_75' title='bbox 1287 573 1467 617; x_wconf 90' lang='lat' dir='ltr'>Delphico</span> 
     </span>
     <span class='ocr_line' id='line_1_10' title="bbox 180 624 1467 671; baseline 0.001 -12"><span class='ocrx_word' id='word_1_76' title='bbox 180 624 335 670; x_wconf 84' lang='lat' dir='ltr'>falsario,</span> <span class='ocrx_word' id='word_1_77' title='bbox 364 625 424 670; x_wconf 92' lang='lat' dir='ltr'>qui</span> <span class='ocrx_word' id='word_1_78' title='bbox 450 636 536 660; x_wconf 88' lang='lat' dir='ltr'>sane</span> <span class='ocrx_word' id='word_1_79' title='bbox 563 625 714 670; x_wconf 83' lang='lat' dir='ltr'>peritior</span> <span class='ocrx_word' id='word_1_80' title='bbox 740 626 1016 668; x_wconf 23' lang='lat' dir='ltr'>eratlsermonis</span> <span class='ocrx_word' id='word_1_81' title='bbox 1043 625 1323 671; x_wconf 84' lang='lat' dir='ltr'>chresmologioi,</span> <span class='ocrx_word' id='word_1_82' title='bbox 1359 637 1467 671; x_wconf 89' lang='lat' dir='ltr'>quam</span> 
     </span>
     <span class='ocr_line' id='line_1_11' title="bbox 181 678 1467 724; baseline 0.001 -11"><span class='ocrx_word' id='word_1_83' title='bbox 181 679 241 723; x_wconf 90' lang='lat' dir='ltr'>qui</span> <span class='ocrx_word' id='word_1_84' title='bbox 283 680 426 714; x_wconf 78' lang='lat' dir='ltr'>tertiam</span> <span class='ocrx_word' id='word_1_85' title='bbox 469 690 659 723; x_wconf 72' lang='lat' dir='ltr'>personam</span> <span class='ocrx_word' id='word_1_86' title='bbox 702 679 739 713; x_wconf 92' lang='lat' dir='ltr'>in</span> <span class='ocrx_word' id='word_1_87' title='bbox 781 690 953 724; x_wconf 88' lang='lat' dir='ltr'>responso</span> <span class='ocrx_word' id='word_1_88' title='bbox 993 678 1127 714; x_wconf 84' lang='lat' dir='ltr'>Croeso</span> <span class='ocrx_word' id='word_1_89' title='bbox 1167 679 1250 714; x_wconf 88' lang='lat' dir='ltr'>dato</span> <span class='ocrx_word' id='word_1_90' title='bbox 1291 679 1467 716; x_wconf 82' lang='lat' dir='ltr'>adhibuit.</span> 
     </span>
     <span class='ocr_line' id='line_1_12' title="bbox 179 732 1468 778; baseline 0 -12"><span class='ocrx_word' id='word_1_91' title='bbox 179 732 363 776; x_wconf 79' lang='lat' dir='ltr'>Perlegas,</span> <span class='ocrx_word' id='word_1_92' title='bbox 391 743 536 777; x_wconf 87' lang='lat' dir='ltr'>quaeso,</span> <span class='ocrx_word' id='word_1_93' title='bbox 564 735 688 778; x_wconf 83' lang='lat' dir='ltr'>totam,</span> <span class='ocrx_word' id='word_1_94' title='bbox 716 743 823 776; x_wconf 83' lang='lat' dir='ltr'>quam</span> <span class='ocrx_word' id='word_1_95' title='bbox 841 733 1020 777; x_wconf 86' lang='lat' dir='ltr'>congessit</span> <span class='ocrx_word' id='word_1_96' title='bbox 1037 732 1205 766; x_wconf 89' lang='lat' dir='ltr'>Hendess</span> <span class='ocrx_word' id='word_1_97' title='bbox 1232 732 1468 766; x_wconf 85' lang='lat' dir='ltr'>ducentorum</span> 
     </span>
     <span class='ocr_line' id='line_1_13' title="bbox 180 784 1466 831; baseline 0 -11"><span class='ocrx_word' id='word_1_98' title='bbox 180 785 333 821; x_wconf 88' lang='lat' dir='ltr'>sedecim</span> <span class='ocrx_word' id='word_1_99' title='bbox 354 785 580 821; x_wconf 89' lang='lat' dir='ltr'>oraculorum</span> <span class='ocrx_word' id='word_1_100' title='bbox 599 784 855 830; x_wconf 86' lang='lat' dir='ltr'>collectionem,</span> <span class='ocrx_word' id='word_1_101' title='bbox 884 796 925 820; x_wconf 87' lang='lat' dir='ltr'>ac</span> <span class='ocrx_word' id='word_1_102' title='bbox 943 797 988 820; x_wconf 90' lang='lat' dir='ltr'>ne</span> <span class='ocrx_word' id='word_1_103' title='bbox 1007 797 1116 820; x_wconf 89' lang='lat' dir='ltr'>unum</span> <span class='ocrx_word' id='word_1_104' title='bbox 1134 785 1277 831; x_wconf 88' lang='lat' dir='ltr'>quidem</span> <span class='ocrx_word' id='word_1_105' title='bbox 1295 785 1466 829; x_wconf 88' lang='lat' dir='ltr'>invenies,</span> 
     </span>
     <span class='ocr_line' id='line_1_14' title="bbox 179 839 1467 886; baseline 0.001 -13"><span class='ocrx_word' id='word_1_106' title='bbox 179 839 240 874; x_wconf 88' lang='lat' dir='ltr'>ubi</span> <span class='ocrx_word' id='word_1_107' title='bbox 266 839 355 875; x_wconf 89' lang='lat' dir='ltr'>deus</span> <span class='ocrx_word' id='word_1_108' title='bbox 382 840 425 874; x_wconf 90' lang='lat' dir='ltr'>de</span> <span class='ocrx_word' id='word_1_109' title='bbox 452 839 605 886; x_wconf 89' lang='lat' dir='ltr'>homine,</span> <span class='ocrx_word' id='word_1_110' title='bbox 633 840 694 885; x_wconf 88' lang='lat' dir='ltr'>qui</span> <span class='ocrx_word' id='word_1_111' title='bbox 721 840 967 884; x_wconf 89' lang='lat' dir='ltr'>quaestionem</span> <span class='ocrx_word' id='word_1_112' title='bbox 994 844 1128 874; x_wconf 87' lang='lat' dir='ltr'>certam</span> <span class='ocrx_word' id='word_1_113' title='bbox 1152 840 1184 874; x_wconf 85' lang='lat' dir='ltr'>ei</span> <span class='ocrx_word' id='word_1_114' title='bbox 1202 840 1330 885; x_wconf 84' lang='lat' dir='ltr'>posuit,</span> <span class='ocrx_word' id='word_1_115' title='bbox 1358 840 1467 874; x_wconf 89' lang='lat' dir='ltr'>tertia</span> 
     </span>
     <span class='ocr_line' id='line_1_15' title="bbox 179 893 582 937; baseline 0 -10"><span class='ocrx_word' id='word_1_116' title='bbox 179 904 333 937; x_wconf 88' lang='lat' dir='ltr'>persona</span> <span class='ocrx_word' id='word_1_117' title='bbox 359 893 582 927; x_wconf 83' lang='lat' dir='ltr'>vaticinetur.</span> 
     </span>
    </p>

    <p class='ocr_par' dir='ltr' id='par_1_3' title="bbox 174 946 1466 1206">
     <span class='ocr_line' id='line_1_16' title="bbox 275 946 1466 991; baseline 0.001 -12"><span class='ocrx_word' id='word_1_118' title='bbox 275 946 355 981; x_wconf 88' lang='lat' dir='ltr'>Has</span> <span class='ocrx_word' id='word_1_119' title='bbox 381 950 529 991; x_wconf 90' lang='lat' dir='ltr'>propter</span> <span class='ocrx_word' id='word_1_120' title='bbox 554 950 627 980; x_wconf 88' lang='lat' dir='ltr'>tres</span> <span class='ocrx_word' id='word_1_121' title='bbox 656 957 781 980; x_wconf 85' lang='lat' dir='ltr'>causas</span> <span class='ocrx_word' id='word_1_122' title='bbox 807 949 905 990; x_wconf 74' lang='lat' dir='ltr'>puto,</span> <span class='ocrx_word' id='word_1_123' title='bbox 933 957 1004 980; x_wconf 90' lang='lat' dir='ltr'>non</span> <span class='ocrx_word' id='word_1_124' title='bbox 1023 946 1175 990; x_wconf 86' lang='lat' dir='ltr'>Delphis</span> <span class='ocrx_word' id='word_1_125' title='bbox 1198 946 1369 980; x_wconf 86' lang='lat' dir='ltr'>traditum</span> <span class='ocrx_word' id='word_1_126' title='bbox 1387 957 1466 980; x_wconf 88' lang='lat' dir='ltr'>esse</span> 
     </span>
     <span class='ocr_line' id='line_1_17' title="bbox 178 999 1463 1044; baseline -0.001 -10"><span class='ocrx_word' id='word_1_127' title='bbox 178 999 366 1034; x_wconf 85' lang='lat' dir='ltr'>Herodoto</span> <span class='ocrx_word' id='word_1_128' title='bbox 401 999 468 1034; x_wconf 86' lang='lat' dir='ltr'>hoc</span> <span class='ocrx_word' id='word_1_129' title='bbox 502 999 685 1034; x_wconf 87' lang='lat' dir='ltr'>oraculum</span> <span class='ocrx_word' id='word_1_130' title='bbox 720 999 763 1034; x_wconf 93' lang='lat' dir='ltr'>de</span> <span class='ocrx_word' id='word_1_131' title='bbox 800 1011 910 1044; x_wconf 88' lang='lat' dir='ltr'>regno</span> <span class='ocrx_word' id='word_1_132' title='bbox 945 999 1127 1044; x_wconf 87' lang='lat' dir='ltr'>perdendo</span> <span class='ocrx_word' id='word_1_133' title='bbox 1155 999 1328 1044; x_wconf 90' lang='lat' dir='ltr'>sociisque</span> <span class='ocrx_word' id='word_1_134' title='bbox 1355 1011 1463 1044; x_wconf 90' lang='lat' dir='ltr'>quae-</span> 
     </span>
     <span class='ocr_line' id='line_1_18' title="bbox 177 1052 1462 1098; baseline 0 -11"><span class='ocrx_word' id='word_1_135' title='bbox 177 1053 298 1088; x_wconf 86' lang='lat' dir='ltr'>rendis</span> <span class='ocrx_word' id='word_1_136' title='bbox 339 1054 472 1097; x_wconf 88' lang='lat' dir='ltr'>datum,</span> <span class='ocrx_word' id='word_1_137' title='bbox 516 1054 588 1088; x_wconf 84' lang='lat' dir='ltr'>sive</span> <span class='ocrx_word' id='word_1_138' title='bbox 623 1065 733 1088; x_wconf 90' lang='lat' dir='ltr'>unum</span> <span class='ocrx_word' id='word_1_139' title='bbox 775 1053 820 1088; x_wconf 87' lang='lat' dir='ltr'>ab</span> <span class='ocrx_word' id='word_1_140' title='bbox 847 1054 949 1088; x_wconf 89' lang='lat' dir='ltr'>initio</span> <span class='ocrx_word' id='word_1_141' title='bbox 984 1053 1091 1087; x_wconf 88' lang='lat' dir='ltr'>fuerit</span> <span class='ocrx_word' id='word_1_142' title='bbox 1118 1054 1190 1088; x_wconf 88' lang='lat' dir='ltr'>sive</span> <span class='ocrx_word' id='word_1_143' title='bbox 1217 1056 1343 1098; x_wconf 87' lang='lat' dir='ltr'>postea</span> <span class='ocrx_word' id='word_1_144' title='bbox 1369 1052 1462 1088; x_wconf 90' lang='lat' dir='ltr'>duae</span> 
     </span>
     <span class='ocr_line' id='line_1_19' title="bbox 176 1106 1461 1152; baseline -0.001 -11"><span class='ocrx_word' id='word_1_145' title='bbox 176 1110 297 1151; x_wconf 87' lang='lat' dir='ltr'>partes</span> <span class='ocrx_word' id='word_1_146' title='bbox 313 1107 569 1151; x_wconf 89' lang='lat' dir='ltr'>concreverint,</span> <span class='ocrx_word' id='word_1_147' title='bbox 585 1107 647 1141; x_wconf 81' lang='lat' dir='ltr'>sed</span> <span class='ocrx_word' id='word_1_148' title='bbox 663 1107 735 1141; x_wconf 89' lang='lat' dir='ltr'>sive</span> <span class='ocrx_word' id='word_1_149' title='bbox 751 1106 1022 1141; x_wconf 86' lang='lat' dir='ltr'>Lacedaemone</span> <span class='ocrx_word' id='word_1_150' title='bbox 1039 1107 1109 1141; x_wconf 90' lang='lat' dir='ltr'>sive</span> <span class='ocrx_word' id='word_1_151' title='bbox 1125 1106 1220 1152; x_wconf 82' lang='lat' dir='ltr'>alibi,</span> <span class='ocrx_word' id='word_1_152' title='bbox 1239 1106 1299 1140; x_wconf 93' lang='lat' dir='ltr'>ubi</span> <span class='ocrx_word' id='word_1_153' title='bbox 1315 1106 1461 1141; x_wconf 86' lang='lat' dir='ltr'>testium</span> 
     </span>
     <span class='ocr_line' id='line_1_20' title="bbox 174 1160 1133 1206; baseline 0 -11"><span class='ocrx_word' id='word_1_154' title='bbox 174 1172 246 1195; x_wconf 91' lang='lat' dir='ltr'>non</span> <span class='ocrx_word' id='word_1_155' title='bbox 272 1160 434 1196; x_wconf 87' lang='lat' dir='ltr'>interfuit</span> <span class='ocrx_word' id='word_1_156' title='bbox 460 1161 496 1195; x_wconf 91' lang='lat' dir='ltr'>in</span> <span class='ocrx_word' id='word_1_157' title='bbox 523 1161 694 1196; x_wconf 82' lang='lat' dir='ltr'>maiorem</span> <span class='ocrx_word' id='word_1_158' title='bbox 720 1160 778 1196; x_wconf 90' lang='lat' dir='ltr'>dei</span> <span class='ocrx_word' id='word_1_159' title='bbox 805 1160 954 1206; x_wconf 86' lang='lat' dir='ltr'>gloriam</span> <span class='ocrx_word' id='word_1_160' title='bbox 980 1160 1133 1195; x_wconf 83' lang='lat' dir='ltr'>mentiri.</span> 
     </span>
    </p>

    <p class='ocr_par' dir='ltr' id='par_1_4' title="bbox 176 1214 1457 1314">
     <span class='ocr_line' id='line_1_21' title="bbox 273 1214 1457 1260; baseline -0.001 -11"><span class='ocrx_word' id='word_1_161' title='bbox 273 1214 416 1259; x_wconf 88' lang='lat' dir='ltr'>Optime</span> <span class='ocrx_word' id='word_1_162' title='bbox 434 1215 611 1250; x_wconf 86' lang='lat' dir='ltr'>Benedict</span> <span class='ocrx_word' id='word_1_163' title='bbox 628 1216 675 1259; x_wconf 88' lang='lat' dir='ltr'>(p.</span> <span class='ocrx_word' id='word_1_164' title='bbox 696 1216 759 1260; x_wconf 89' lang='grc'>28)</span> <span class='ocrx_word' id='word_1_165' title='bbox 778 1218 814 1249; x_wconf 87' lang='lat' dir='ltr'>et</span> <span class='ocrx_word' id='word_1_166' title='bbox 832 1214 1010 1249; x_wconf 85' lang='lat' dir='ltr'>Schubert</span> <span class='ocrx_word' id='word_1_167' title='bbox 1028 1214 1077 1260; x_wconf 88' lang='lat' dir='ltr'>(p.</span> <span class='ocrx_word' id='word_1_168' title='bbox 1101 1216 1167 1249; x_wconf 81' lang='lat'>102</span> <span class='ocrx_word' id='word_1_169' title='bbox 1187 1217 1253 1258; x_wconf 86' lang='lat' dir='ltr'>sq.)</span> <span class='ocrx_word' id='word_1_170' title='bbox 1272 1214 1457 1249; x_wconf 86' lang='lat' dir='ltr'>oraculum</span> 
     </span>
     <span class='ocr_line' id='line_1_22' title="bbox 176 1268 982 1314; baseline 0 -12"><span class='ocrx_word' id='word_1_171' title='bbox 176 1279 204 1303; x_wconf 90' lang='lat' dir='ltr'>c.</span> <span class='ocrx_word' id='word_1_172' title='bbox 226 1269 270 1302; x_wconf 89' lang='lat'>55</span> <span class='ocrx_word' id='word_1_173' title='bbox 298 1268 477 1313; x_wconf 87' lang='lat' dir='ltr'>prolatum</span> <span class='ocrx_word' id='word_1_174' title='bbox 504 1268 735 1314; x_wconf 91' lang='lat' dir='ltr'>philodelpho</span> <span class='ocrx_word' id='word_1_175' title='bbox 763 1268 982 1303; x_wconf 88' lang='lat' dir='ltr'>attribuunt:</span> 
     </span>
    </p>

    <p class='ocr_par' dir='ltr' id='par_1_5' title="bbox 316 1317 1329 1478">
     <span class='ocr_line' id='line_1_23' title="bbox 317 1317 1237 1370; baseline -0.001 -14"><span class='ocrx_word' id='word_1_176' title='bbox 317 1317 414 1364; x_wconf 63' lang='lat' dir='ltr'>„dm</span> <span class='ocrx_word' id='word_1_177' title='bbox 443 1321 526 1357; x_wconf 79' lang='grc' dir='ltr'><strong><em>’ὁταν</em></strong></span> <span class='ocrx_word' id='word_1_178' title='bbox 551 1318 693 1370; x_wconf 76' lang='grc' dir='ltr'><em>ἡμίονος</em></span> <span class='ocrx_word' id='word_1_179' title='bbox 717 1322 884 1367; x_wconf 79' lang='grc' dir='ltr'><em>βασιλεὺς</em></span> <span class='ocrx_word' id='word_1_180' title='bbox 910 1321 1063 1368; x_wconf 72' lang='grc' dir='ltr'><em>Μήδοισι</em></span> <span class='ocrx_word' id='word_1_181' title='bbox 1088 1323 1237 1368; x_wconf 77' lang='grc' dir='ltr'><em>γένηται,</em></span> 
     </span>
     <span class='ocr_line' id='line_1_24' title="bbox 316 1371 1329 1422; baseline -0.001 -13"><span class='ocrx_word' id='word_1_182' title='bbox 316 1376 375 1409; x_wconf 85' lang='grc' dir='ltr'>καὶ</span> <span class='ocrx_word' id='word_1_183' title='bbox 400 1375 491 1418; x_wconf 80' lang='grc' dir='ltr'><em>τότε,</em></span> <span class='ocrx_word' id='word_1_184' title='bbox 518 1376 611 1411; x_wconf 82' lang='grc' dir='ltr'><em>Λυδὲ</em></span> <span class='ocrx_word' id='word_1_185' title='bbox 637 1375 804 1420; x_wconf 76' lang='grc' dir='ltr'><strong><em>ποδαβρέ,</em></strong></span> <span class='ocrx_word' id='word_1_186' title='bbox 831 1375 1068 1422; x_wconf 75' lang='grc' dir='ltr'><em>πολυψήφιδα</em></span> <span class='ocrx_word' id='word_1_187' title='bbox 1094 1374 1176 1421; x_wconf 76' lang='grc' dir='ltr'>παρ’</span> <span class='ocrx_word' id='word_1_188' title='bbox 1196 1371 1329 1421; x_wconf 53' lang='grc' dir='ltr'><em>(Έρμον</em></span> 
     </span>
     <span class='ocr_line' id='line_1_25' title="bbox 320 1426 1291 1478; baseline -0.001 -15"><span class='ocrx_word' id='word_1_189' title='bbox 320 1428 464 1477; x_wconf 77' lang='grc' dir='ltr'><em>φεύγειν</em></span> <span class='ocrx_word' id='word_1_190' title='bbox 489 1429 573 1477; x_wconf 81' lang='grc' dir='ltr'><em>μηδὲ</em></span> <span class='ocrx_word' id='word_1_191' title='bbox 599 1432 717 1474; x_wconf 80' lang='grc' dir='ltr'><em>μένειν</em></span> <span class='ocrx_word' id='word_1_192' title='bbox 746 1429 1010 1478; x_wconf 72' lang='grc' dir='ltr'><em>μηδάἰδεῖσθαι</em></span> <span class='ocrx_word' id='word_1_193' title='bbox 1035 1428 1139 1470; x_wconf 83' lang='grc' dir='ltr'><strong><em>κακὸς</em></strong></span> <span class='ocrx_word' id='word_1_194' title='bbox 1165 1426 1291 1463; x_wconf 81' lang='grc' dir='ltr'><em>εἶναι.“</em></span> 
     </span>
    </p>

    <p class='ocr_par' dir='ltr' id='par_1_6' title="bbox 171 1483 1463 1959">
     <span class='ocr_line' id='line_1_26' title="bbox 271 1483 1463 1528; baseline -0.001 -10"><span class='ocrx_word' id='word_1_195' title='bbox 271 1484 307 1517; x_wconf 92' lang='grc' dir='ltr'><strong>Α</strong></span> <span class='ocrx_word' id='word_1_196' title='bbox 333 1484 508 1528; x_wconf 89' lang='lat' dir='ltr'>prudente</span> <span class='ocrx_word' id='word_1_197' title='bbox 535 1496 649 1528; x_wconf 90' lang='lat' dir='ltr'>neque</span> <span class='ocrx_word' id='word_1_198' title='bbox 675 1484 818 1519; x_wconf 89' lang='lat' dir='ltr'>indocto</span> <span class='ocrx_word' id='word_1_199' title='bbox 857 1484 1001 1519; x_wconf 87' lang='lat' dir='ltr'>falsario</span> <span class='ocrx_word' id='word_1_200' title='bbox 1041 1484 1077 1518; x_wconf 91' lang='lat' dir='ltr'>hi</span> <span class='ocrx_word' id='word_1_201' title='bbox 1118 1495 1238 1518; x_wconf 88' lang='lat' dir='ltr'>versus</span> <span class='ocrx_word' id='word_1_202' title='bbox 1274 1483 1463 1527; x_wconf 88' lang='lat' dir='ltr'>compositi</span> 
     </span>
     <span class='ocr_line' id='line_1_27' title="bbox 175 1535 1460 1582; baseline -0.001 -12"><span class='ocrx_word' id='word_1_203' title='bbox 175 1540 257 1570; x_wconf 90' lang='lat' dir='ltr'>sunt</span> <span class='ocrx_word' id='word_1_204' title='bbox 283 1540 454 1582; x_wconf 87' lang='lat' dir='ltr'>tempore,</span> <span class='ocrx_word' id='word_1_205' title='bbox 483 1548 562 1571; x_wconf 86' lang='lat' dir='ltr'>cum</span> <span class='ocrx_word' id='word_1_206' title='bbox 588 1538 657 1571; x_wconf 87' lang='lat' dir='ltr'>iam</span> <span class='ocrx_word' id='word_1_207' title='bbox 685 1537 808 1571; x_wconf 88' lang='lat' dir='ltr'>fabula</span> <span class='ocrx_word' id='word_1_208' title='bbox 833 1537 979 1571; x_wconf 86' lang='lat' dir='ltr'>Medica</span> <span class='ocrx_word' id='word_1_209' title='bbox 1006 1537 1048 1571; x_wconf 89' lang='lat' dir='ltr'>de</span> <span class='ocrx_word' id='word_1_210' title='bbox 1077 1535 1161 1581; x_wconf 86' lang='lat' dir='ltr'>Cyri</span> <span class='ocrx_word' id='word_1_211' title='bbox 1194 1537 1380 1570; x_wconf 85' lang='lat' dir='ltr'>iuventute</span> <span class='ocrx_word' id='word_1_212' title='bbox 1422 1536 1460 1569; x_wconf 90' lang='lat' dir='ltr'>in</span> 
     </span>
     <span class='ocr_line' id='line_1_28' title="bbox 175 1589 1462 1636; baseline -0.001 -11"><span class='ocrx_word' id='word_1_213' title='bbox 175 1589 329 1626; x_wconf 80' lang='lat' dir='ltr'>Graecia</span> <span class='ocrx_word' id='word_1_214' title='bbox 368 1591 511 1636; x_wconf 80' lang='lat' dir='ltr'>vulgata</span> <span class='ocrx_word' id='word_1_215' title='bbox 551 1595 639 1626; x_wconf 87' lang='lat' dir='ltr'>erat.</span> <span class='ocrx_word' id='word_1_216' title='bbox 692 1590 783 1627; x_wconf 85' lang='lat' dir='ltr'>Cum</span> <span class='ocrx_word' id='word_1_217' title='bbox 811 1590 1011 1627; x_wconf 86' lang='lat' dir='ltr'>Sehuberto</span> <span class='ocrx_word' id='word_1_218' title='bbox 1050 1603 1159 1625; x_wconf 90' lang='lat' dir='ltr'>unum</span> <span class='ocrx_word' id='word_1_219' title='bbox 1197 1593 1336 1625; x_wconf 87' lang='lat' dir='ltr'>tantum</span> <span class='ocrx_word' id='word_1_220' title='bbox 1374 1589 1462 1624; x_wconf 91' lang='lat' dir='ltr'>mihi</span> 
     </span>
     <span class='ocr_line' id='line_1_29' title="bbox 173 1639 1462 1691; baseline 0 -15"><span class='ocrx_word' id='word_1_221' title='bbox 173 1655 244 1677; x_wconf 90' lang='lat' dir='ltr'>non</span> <span class='ocrx_word' id='word_1_222' title='bbox 270 1645 445 1688; x_wconf 84' lang='lat' dir='ltr'>convenit,</span> <span class='ocrx_word' id='word_1_223' title='bbox 474 1645 569 1688; x_wconf 90' lang='lat' dir='ltr'>quod</span> <span class='ocrx_word' id='word_1_224' title='bbox 596 1645 656 1678; x_wconf 85' lang='lat' dir='ltr'>ille</span> <span class='ocrx_word' id='word_1_225' title='bbox 676 1645 785 1679; x_wconf 88' lang='lat' dir='ltr'>verba</span> <span class='ocrx_word' id='word_1_226' title='bbox 811 1643 1071 1691; x_wconf 52' lang='grc' dir='ltr'><em>,πολυψήφιδα</em></span> <span class='ocrx_word' id='word_1_227' title='bbox 1097 1643 1180 1688; x_wconf 77' lang='grc' dir='ltr'>παρ’</span> <span class='ocrx_word' id='word_1_228' title='bbox 1209 1639 1344 1688; x_wconf 63' lang='grc' dir='ltr'><em>’Ἑρμον</em></span> <span class='ocrx_word' id='word_1_229' title='bbox 1371 1642 1462 1689; x_wconf 80' lang='grc' dir='ltr'><em>φεύ-</em></span> 
     </span>
     <span class='ocr_line' id='line_1_30' title="bbox 172 1696 1459 1744; baseline -0.001 -12"><span class='ocrx_word' id='word_1_230' title='bbox 172 1701 269 1743; x_wconf 48' lang='grc' dir='ltr'><em>γεινῑί</em></span> <span class='ocrx_word' id='word_1_231' title='bbox 296 1697 342 1732; x_wconf 88' lang='lat' dir='ltr'>ad</span> <span class='ocrx_word' id='word_1_232' title='bbox 369 1698 562 1733; x_wconf 87' lang='lat' dir='ltr'>secundam</span> <span class='ocrx_word' id='word_1_233' title='bbox 589 1710 744 1744; x_wconf 89' lang='lat' dir='ltr'>pugnam</span> <span class='ocrx_word' id='word_1_234' title='bbox 771 1698 892 1744; x_wconf 88' lang='lat' dir='ltr'>refert,</span> <span class='ocrx_word' id='word_1_235' title='bbox 919 1699 955 1733; x_wconf 91' lang='lat' dir='ltr'>in</span> <span class='ocrx_word' id='word_1_236' title='bbox 982 1697 1130 1743; x_wconf 89' lang='lat' dir='ltr'>planitie</span> <span class='ocrx_word' id='word_1_237' title='bbox 1150 1696 1279 1732; x_wconf 82' lang='lat' dir='ltr'>Sardia</span> <span class='ocrx_word' id='word_1_238' title='bbox 1298 1696 1459 1731; x_wconf 90' lang='lat' dir='ltr'>commis-</span> 
     </span>
     <span class='ocr_line' id='line_1_31' title="bbox 172 1751 1463 1796; baseline -0.002 -9"><span class='ocrx_word' id='word_1_239' title='bbox 172 1764 258 1787; x_wconf 86' lang='lat' dir='ltr'>sam.</span> <span class='ocrx_word' id='word_1_240' title='bbox 290 1752 375 1786; x_wconf 85' lang='lat' dir='ltr'>Mea</span> <span class='ocrx_word' id='word_1_241' title='bbox 393 1754 572 1787; x_wconf 84' lang='lat' dir='ltr'>sententia</span> <span class='ocrx_word' id='word_1_242' title='bbox 590 1753 773 1788; x_wconf 86' lang='lat' dir='ltr'>oraculum</span> <span class='ocrx_word' id='word_1_243' title='bbox 791 1757 912 1787; x_wconf 90' lang='lat' dir='ltr'>monet</span> <span class='ocrx_word' id='word_1_244' title='bbox 931 1752 1113 1796; x_wconf 85' lang='lat' dir='ltr'>Croesum,</span> <span class='ocrx_word' id='word_1_245' title='bbox 1140 1763 1184 1785; x_wconf 89' lang='lat' dir='ltr'>ne</span> <span class='ocrx_word' id='word_1_246' title='bbox 1211 1751 1354 1786; x_wconf 89' lang='lat' dir='ltr'>omnino</span> <span class='ocrx_word' id='word_1_247' title='bbox 1374 1763 1463 1796; x_wconf 86' lang='lat' dir='ltr'>pug-</span> 
     </span>
     <span class='ocr_line' id='line_1_32' title="bbox 172 1803 1463 1850; baseline -0.001 -11"><span class='ocrx_word' id='word_1_248' title='bbox 172 1817 253 1840; x_wconf 89' lang='lat' dir='ltr'>nam</span> <span class='ocrx_word' id='word_1_249' title='bbox 270 1817 348 1840; x_wconf 90' lang='lat' dir='ltr'>cum</span> <span class='ocrx_word' id='word_1_250' title='bbox 367 1805 489 1841; x_wconf 90' lang='lat' dir='ltr'>Persis</span> <span class='ocrx_word' id='word_1_251' title='bbox 508 1806 716 1850; x_wconf 84' lang='lat' dir='ltr'>committat,</span> <span class='ocrx_word' id='word_1_252' title='bbox 735 1809 770 1841; x_wconf 90' lang='lat' dir='ltr'>et</span> <span class='ocrx_word' id='word_1_253' title='bbox 790 1806 916 1842; x_wconf 88' lang='lat' dir='ltr'>suadet</span> <span class='ocrx_word' id='word_1_254' title='bbox 929 1807 972 1850; x_wconf 88' lang='lat' dir='ltr'>ei,</span> <span class='ocrx_word' id='word_1_255' title='bbox 988 1809 1027 1840; x_wconf 90' lang='lat' dir='ltr'>ut</span> <span class='ocrx_word' id='word_1_256' title='bbox 1042 1817 1084 1840; x_wconf 87' lang='lat' dir='ltr'>ex</span> <span class='ocrx_word' id='word_1_257' title='bbox 1099 1803 1332 1839; x_wconf 88' lang='lat' dir='ltr'>orientalibus</span> <span class='ocrx_word' id='word_1_258' title='bbox 1347 1805 1463 1850; x_wconf 85' lang='lat' dir='ltr'>regio—</span> 
     </span>
     <span class='ocr_line' id='line_1_33' title="bbox 172 1858 1463 1906; baseline -0.001 -12"><span class='ocrx_word' id='word_1_259' title='bbox 172 1859 275 1895; x_wconf 90' lang='lat' dir='ltr'>nibus</span> <span class='ocrx_word' id='word_1_260' title='bbox 290 1872 327 1895; x_wconf 92' lang='lat' dir='ltr'>se</span> <span class='ocrx_word' id='word_1_261' title='bbox 342 1861 492 1905; x_wconf 84' lang='lat' dir='ltr'>recipiat</span> <span class='ocrx_word' id='word_1_262' title='bbox 510 1859 645 1897; x_wconf 85' lang='lat' dir='ltr'>Sardis.</span> <span class='ocrx_word' id='word_1_263' title='bbox 674 1861 744 1897; x_wconf 84' lang='lat' dir='ltr'>Via</span> <span class='ocrx_word' id='word_1_264' title='bbox 758 1861 943 1906; x_wconf 83' lang='lat' dir='ltr'>aptissima</span> <span class='ocrx_word' id='word_1_265' title='bbox 957 1859 1115 1905; x_wconf 88' lang='lat' dir='ltr'>receptui</span> <span class='ocrx_word' id='word_1_266' title='bbox 1130 1859 1308 1894; x_wconf 83' lang='lat' dir='ltr'>exercitus</span> <span class='ocrx_word' id='word_1_267' title='bbox 1323 1858 1463 1894; x_wconf 87' lang='lat' dir='ltr'>ferebat</span> 
     </span>
     <span class='ocr_line' id='line_1_34' title="bbox 171 1909 1462 1959; baseline 0.001 -13"><span class='ocrx_word' id='word_1_268' title='bbox 171 1912 295 1947; x_wconf 86' lang='lat' dir='ltr'>Sardis</span> <span class='ocrx_word' id='word_1_269' title='bbox 322 1925 385 1957; x_wconf 87' lang='lat' dir='ltr'>per</span> <span class='ocrx_word' id='word_1_270' title='bbox 412 1915 631 1958; x_wconf 89' lang='lat' dir='ltr'>superiorem</span> <span class='ocrx_word' id='word_1_271' title='bbox 658 1914 786 1948; x_wconf 88' lang='lat' dir='ltr'>Hermi</span> <span class='ocrx_word' id='word_1_272' title='bbox 812 1914 939 1948; x_wconf 85' lang='lat' dir='ltr'>vallem</span> <span class='ocrx_word' id='word_1_273' title='bbox 965 1913 1065 1959; x_wconf 76' lang='grc' dir='ltr'>(παρ’</span> <span class='ocrx_word' id='word_1_274' title='bbox 1085 1909 1219 1958; x_wconf 63' lang='grc' dir='ltr'><em>’Έρμον</em></span> <span class='ocrx_word' id='word_1_275' title='bbox 1251 1911 1422 1958; x_wconf 84' lang='grc' dir='ltr'><em>φεύγειν.)</em></span> <span class='ocrx_word' id='word_1_276' title='bbox 1434 1912 1462 1956; x_wconf 72' lang='lat'>²)</span> 
     </span>
    </p>
   </div>
   <div class='ocr_carea' id='block_1_3' title="bbox 176 1971 408 1979">
    <p class='ocr_par' dir='ltr' id='par_1_7' title="bbox 176 1971 408 1979">
     <span class='ocr_line' id='line_1_35' title="bbox 176 1971 408 1979; baseline 0 0"><span class='ocrx_word' id='word_1_277' title='bbox 176 1971 408 1979; x_wconf 95' lang='lat' dir='ltr'> </span> 
     </span>
    </p>
   </div>
   <div class='ocr_carea' id='block_1_4' title="bbox 166 1990 1462 2372">
    <p class='ocr_par' dir='ltr' id='par_1_8' title="bbox 169 1990 1461 2073">
     <span class='ocr_line' id='line_1_36' title="bbox 269 1990 1461 2030; baseline -0.002 -11"><span class='ocrx_word' id='word_1_278' title='bbox 269 1991 289 2027; x_wconf 89' lang='lat'>¹)</span> <span class='ocrx_word' id='word_1_279' title='bbox 310 1991 400 2021; x_wconf 88' lang='lat' dir='ltr'>Rhet.</span> <span class='ocrx_word' id='word_1_280' title='bbox 422 1990 474 2019; x_wconf 88' lang='lat' dir='ltr'>III</span> <span class='ocrx_word' id='word_1_281' title='bbox 495 1993 527 2020; x_wconf 85' lang='lat'>5:</span> <span class='ocrx_word' id='word_1_282' title='bbox 550 1991 709 2030; x_wconf 58' lang='grc' dir='ltr'><strong><em>»Κροῖσος</em></strong></span> <span class='ocrx_word' id='word_1_283' title='bbox 730 1991 830 2020; x_wconf 83' lang='grc' dir='ltr'><em>Ἅλυν</em></span> <span class='ocrx_word' id='word_1_284' title='bbox 851 1992 960 2027; x_wconf 78' lang='grc' dir='ltr'><em>διαβὰς</em></span> <span class='ocrx_word' id='word_1_285' title='bbox 979 1990 1126 2029; x_wconf 80' lang='grc' dir='ltr'><em>μεγάλην</em></span> <span class='ocrx_word' id='word_1_286' title='bbox 1139 1991 1242 2028; x_wconf 79' lang='grc' dir='ltr'><em>ἀρχὴν</em></span> <span class='ocrx_word' id='word_1_287' title='bbox 1257 1990 1461 2018; x_wconf 81' lang='grc' dir='ltr'><em>καταλύσει.“</em></span> 
     </span>
     <span class='ocr_line' id='line_1_37' title="bbox 169 2034 1097 2073; baseline 0 -10"><span class='ocrx_word' id='word_1_288' title='bbox 169 2034 205 2064; x_wconf 87' lang='lat' dir='ltr'>cf.</span> <span class='ocrx_word' id='word_1_289' title='bbox 228 2034 382 2063; x_wconf 82' lang='lat' dir='ltr'>Hendess:</span> <span class='ocrx_word' id='word_1_290' title='bbox 404 2034 534 2064; x_wconf 84' lang='lat' dir='ltr'>Oraeula</span> <span class='ocrx_word' id='word_1_291' title='bbox 555 2036 679 2065; x_wconf 80' lang='lat' dir='ltr'>Graeca.</span> <span class='ocrx_word' id='word_1_292' title='bbox 701 2036 748 2066; x_wconf 87' lang='lat'>96.</span> <span class='ocrx_word' id='word_1_293' title='bbox 789 2035 882 2073; x_wconf 69' lang='lat' dir='ltr'>(Dies.</span> <span class='ocrx_word' id='word_1_294' title='bbox 904 2035 976 2064; x_wconf 83' lang='lat' dir='ltr'>Hal.</span> <span class='ocrx_word' id='word_1_295' title='bbox 998 2035 1097 2070; x_wconf 83' lang='lat'>1877.)</span> 
     </span>
    </p>

    <p class='ocr_par' dir='ltr' id='par_1_9' title="bbox 166 2078 1462 2372">
     <span class='ocr_line' id='line_1_38' title="bbox 266 2078 1461 2118; baseline -0.002 -10"><span class='ocrx_word' id='word_1_296' title='bbox 266 2079 289 2118; x_wconf 84' lang='grc'>2)</span> <span class='ocrx_word' id='word_1_297' title='bbox 310 2079 462 2108; x_wconf 76' lang='lat' dir='ltr'>Cone-edas</span> <span class='ocrx_word' id='word_1_298' title='bbox 484 2079 661 2116; x_wconf 88' lang='lat' dir='ltr'>Schuberto,</span> <span class='ocrx_word' id='word_1_299' title='bbox 683 2081 777 2117; x_wconf 80' lang='lat' dir='ltr'>agere</span> <span class='ocrx_word' id='word_1_300' title='bbox 792 2080 849 2109; x_wconf 92' lang='lat' dir='ltr'>hoc</span> <span class='ocrx_word' id='word_1_301' title='bbox 870 2079 1022 2108; x_wconf 79' lang='lat' dir='ltr'>oraculum</span> <span class='ocrx_word' id='word_1_302' title='bbox 1043 2078 1080 2107; x_wconf 89' lang='lat' dir='ltr'>de</span> <span class='ocrx_word' id='word_1_303' title='bbox 1102 2088 1203 2115; x_wconf 83' lang='lat' dir='ltr'>pugna</span> <span class='ocrx_word' id='word_1_304' title='bbox 1225 2078 1364 2114; x_wconf 88' lang='lat' dir='ltr'>secunda,</span> <span class='ocrx_word' id='word_1_305' title='bbox 1390 2087 1461 2106; x_wconf 91' lang='lat' dir='ltr'>con-</span> 
     </span>
     <span class='ocr_line' id='line_1_39' title="bbox 169 2122 1462 2161; baseline -0.001 -10"><span class='ocrx_word' id='word_1_306' title='bbox 169 2123 257 2151; x_wconf 81' lang='lat' dir='ltr'>cedas</span> <span class='ocrx_word' id='word_1_307' title='bbox 279 2123 379 2159; x_wconf 83' lang='lat' dir='ltr'>etiam,</span> <span class='ocrx_word' id='word_1_308' title='bbox 401 2123 509 2152; x_wconf 86' lang='lat' dir='ltr'>Steinii</span> <span class='ocrx_word' id='word_1_309' title='bbox 531 2124 719 2160; x_wconf 84' lang='lat' dir='ltr'>sententiam,</span> <span class='ocrx_word' id='word_1_310' title='bbox 752 2124 803 2161; x_wconf 91' lang='lat' dir='ltr'>qui</span> <span class='ocrx_word' id='word_1_311' title='bbox 823 2123 909 2160; x_wconf 90' lang='lat' dir='ltr'>Hylli</span> <span class='ocrx_word' id='word_1_312' title='bbox 930 2123 1246 2152; x_wconf 86' lang='lat' dir='ltr'>commemorationem</span> <span class='ocrx_word' id='word_1_313' title='bbox 1267 2122 1372 2150; x_wconf 86' lang='lat' dir='ltr'>Iliadis</span> <span class='ocrx_word' id='word_1_314' title='bbox 1394 2122 1462 2150; x_wconf 92' lang='lat' dir='ltr'>loco</span> 
     </span>
     <span class='ocr_line' id='line_1_40' title="bbox 169 2165 1460 2205; baseline -0.001 -9"><span class='ocrx_word' id='word_1_315' title='bbox 169 2167 214 2204; x_wconf 92' lang='lat' dir='ltr'>(V</span> <span class='ocrx_word' id='word_1_316' title='bbox 234 2168 306 2201; x_wconf 78' lang='lat'><strong>392)</strong></span> <span class='ocrx_word' id='word_1_317' title='bbox 328 2168 478 2205; x_wconf 83' lang='lat' dir='ltr'>explicare</span> <span class='ocrx_word' id='word_1_318' title='bbox 500 2168 609 2205; x_wconf 84' lang='lat' dir='ltr'>studet,</span> <span class='ocrx_word' id='word_1_319' title='bbox 630 2168 794 2197; x_wconf 75' lang='lat' dir='ltr'>refutatam</span> <span class='ocrx_word' id='word_1_320' title='bbox 815 2177 879 2197; x_wconf 83' lang='lat' dir='ltr'>esse</span> <span class='ocrx_word' id='word_1_321' title='bbox 906 2167 1006 2196; x_wconf 83' lang='lat' dir='ltr'>verbis</span> <span class='ocrx_word' id='word_1_322' title='bbox 1039 2166 1196 2204; x_wconf 81' lang='lat' dir='ltr'>„indessen</span> <span class='ocrx_word' id='word_1_323' title='bbox 1224 2166 1278 2195; x_wconf 86' lang='lat' dir='ltr'>hat</span> <span class='ocrx_word' id='word_1_324' title='bbox 1298 2165 1384 2196; x_wconf 85' lang='lat' dir='ltr'>Stein</span> <span class='ocrx_word' id='word_1_325' title='bbox 1413 2166 1460 2195; x_wconf 86' lang='lat' dir='ltr'>bei</span> 
     </span>
     <span class='ocr_line' id='line_1_41' title="bbox 169 2211 1462 2249; baseline -0.001 -9"><span class='ocrx_word' id='word_1_326' title='bbox 169 2212 270 2240; x_wconf 86' lang='lat' dir='ltr'>seinen</span> <span class='ocrx_word' id='word_1_327' title='bbox 291 2212 468 2241; x_wconf 84' lang='lat' dir='ltr'>Versuchen</span> <span class='ocrx_word' id='word_1_328' title='bbox 489 2212 870 2249; x_wconf 84' lang='lat' dir='ltr'>Homer-Reminiscenzen</span> <span class='ocrx_word' id='word_1_329' title='bbox 890 2212 939 2241; x_wconf 89' lang='lat' dir='ltr'>bei</span> <span class='ocrx_word' id='word_1_330' title='bbox 961 2211 1101 2241; x_wconf 88' lang='lat' dir='ltr'>Herodot</span> <span class='ocrx_word' id='word_1_331' title='bbox 1123 2211 1331 2249; x_wconf 72' lang='lat' dir='ltr'>aufzuspiiren‚</span> <span class='ocrx_word' id='word_1_332' title='bbox 1352 2211 1462 2240; x_wconf 88' lang='lat' dir='ltr'>immer</span> 
     </span>
     <span class='ocr_line' id='line_1_42' title="bbox 167 2256 1460 2292; baseline 0 -9"><span class='ocrx_word' id='word_1_333' title='bbox 167 2265 223 2283; x_wconf 90' lang='lat' dir='ltr'>nur</span> <span class='ocrx_word' id='word_1_334' title='bbox 245 2256 431 2292; x_wconf 66' lang='lat' dir='ltr'>sehrwenig</span> <span class='ocrx_word' id='word_1_335' title='bbox 458 2256 585 2292; x_wconf 81' lang='lat' dir='ltr'>Gliick,“</span> <span class='ocrx_word' id='word_1_336' title='bbox 620 2259 722 2285; x_wconf 85' lang='lat' dir='ltr'>tamen</span> <span class='ocrx_word' id='word_1_337' title='bbox 753 2266 884 2292; x_wconf 83' lang='lat' dir='ltr'>causam,</span> <span class='ocrx_word' id='word_1_338' title='bbox 916 2266 969 2284; x_wconf 87' lang='lat' dir='ltr'>cur</span> <span class='ocrx_word' id='word_1_339' title='bbox 995 2265 1055 2283; x_wconf 91' lang='lat' dir='ltr'>non</span> <span class='ocrx_word' id='word_1_340' title='bbox 1085 2256 1115 2283; x_wconf 88' lang='lat' dir='ltr'>iu</span> <span class='ocrx_word' id='word_1_341' title='bbox 1144 2265 1203 2283; x_wconf 90' lang='lat' dir='ltr'>uno</span> <span class='ocrx_word' id='word_1_342' title='bbox 1233 2258 1323 2292; x_wconf 83' lang='lat' dir='ltr'>atque</span> <span class='ocrx_word' id='word_1_343' title='bbox 1354 2256 1460 2284; x_wconf 88' lang='lat' dir='ltr'>eodem</span> 
     </span>
     <span class='ocr_line' id='line_1_43' title="bbox 168 2299 1460 2339; baseline 0.001 -12"><span class='ocrx_word' id='word_1_344' title='bbox 168 2299 250 2328; x_wconf 87' lang='lat' dir='ltr'>fonte</span> <span class='ocrx_word' id='word_1_345' title='bbox 271 2299 308 2327; x_wconf 85' lang='lat' dir='ltr'>de</span> <span class='ocrx_word' id='word_1_346' title='bbox 330 2299 422 2336; x_wconf 89' lang='lat' dir='ltr'>Hyllo</span> <span class='ocrx_word' id='word_1_347' title='bbox 444 2303 534 2337; x_wconf 89' lang='lat' dir='ltr'>atque</span> <span class='ocrx_word' id='word_1_348' title='bbox 555 2300 592 2329; x_wconf 83' lang='lat' dir='ltr'>de</span> <span class='ocrx_word' id='word_1_349' title='bbox 614 2300 685 2338; x_wconf 85' lang='lat' dir='ltr'>fuga</span> <span class='ocrx_word' id='word_1_350' title='bbox 707 2300 800 2339; x_wconf 68' lang='lat' dir='ltr'>„uap&#39;</span> <span class='ocrx_word' id='word_1_351' title='bbox 822 2300 957 2339; x_wconf 80' lang='grc' dir='ltr'><strong><em>Ἕρμον“</em></strong></span> <span class='ocrx_word' id='word_1_352' title='bbox 982 2299 1063 2328; x_wconf 83' lang='lat' dir='ltr'>facta</span> <span class='ocrx_word' id='word_1_353' title='bbox 1083 2299 1200 2327; x_wconf 85' lang='lat' dir='ltr'>narrari</span> <span class='ocrx_word' id='word_1_354' title='bbox 1228 2299 1370 2336; x_wconf 85' lang='lat' dir='ltr'>potuerit,</span> <span class='ocrx_word' id='word_1_355' title='bbox 1400 2309 1460 2328; x_wconf 90' lang='lat' dir='ltr'>non</span> 
     </span>
     <span class='ocr_line' id='line_1_44' title="bbox 166 2354 295 2372; baseline 0 0"><span class='ocrx_word' id='word_1_356' title='bbox 166 2354 295 2372; x_wconf 76' lang='lat' dir='ltr'>invenio.</span> 
     </span>
    </p>
   </div>
  </div>
 </body>
</html>
