1770 2769
245 259 392 296 niczkae
418 260 468 307 (p.
488 261 550 309 98)
575 273 647 297 11011
665 266 913 308 argumentum
933 265 997 306 est,
1024 261 1147 298 fictum
1174 273 1251 297 esse
1276 260 1428 307 Cyrenis
1455 272 1533 295 ora-

246 314 374 360 culum,
402 315 464 350 sed
490 319 677 361 acceptum
701 316 752 351 ibi
778 316 823 351 ab
849 315 1049 351 Herodoto.

344 383 382 431 3)
409 382 580 430 Sequitur
606 396 635 420 0.
658 386 721 419 161
759 384 944 419 oraculum
968 383 1079 419 Batto
1105 384 1168 418 III
1200 387 1372 429 regnante
1407 383 1530 418 datum

246 437 500 482 quaerentibus
541 434 682 480 „b'vuva
707 437 838 483 τρόπον
872 437 1173 484 καταστησάμενοι
1207 436 1377 471 κάλλιστα
1403 434 1446 471 ἂν
1478 435 1531 471 οἰ-

245 492 389 533 κέοιεν,“
418 491 514 536 quod
538 491 639 526 iubet
660 491 859 535 Mantinea,
889 495 1188 537 ,,καταρτιστῆρα“
1217 502 1410 526 arcessere.
1449 490 1531 525 Hoc

244 555 416 590 responso
443 544 626 579 oraculum
645 543 861 589 Delphicum
878 543 1059 579 Battiadis
1085 543 1262 579 infensum
1281 555 1319 579 se
1341 544 1530 579 ostendere

245 598 376 643 coepit,
412 611 494 632 nam
521 599 639 639 homo,
674 609 779 642 quem
806 597 1117 632 commendaverat
1153 602 1224 643 ,τῇ
1249 598 1387 642 βασιλέι
1405 597 1531 642 Βάττῳ

243 652 388 695 τεμένεα
414 649 538 693 ἐξελών
563 650 623 685 καὶ
649 649 821 697 ἱρωσύνας
846 649 890 685 τὰ
916 649 1003 685 ἄλλα
1029 649 1159 695 πάντα,
1186 650 1229 685 τὰ
1249 649 1420 697 πρότερον
1439 648 1532 695 εἶχον

244 703 278 739 οἱ
303 705 463 750 βασιλέες
488 703 524 747 ἐς
548 707 656 749 μέσον
681 708 733 751 τῷ
758 701 858 752 δήμῳ
886 702 1027 751 ἒ’θηκε.“
1071 704 1145 740 Cur
1170 717 1240 739 non
1268 706 1459 750 genuinum
1487 705 1532 740 sit

244 759 312 793 hoc
338 759 522 793 oraculum
550 769 615 803 ego
641 770 714 793 non
740 758 854 793 video.
902 757 1079 793 Benedict
1105 762 1140 792 et
1167 757 1421 801 Studniczka1)
1449 770 1529 804 spu-

243 812 336 847 rium
363 823 440 847 esse
473 812 695 847 existimant:
730 811 818 847 dicit
850 811 922 856 ille,
956 811 1144 846 Mantinea
1179 812 1450 857 compositorem
1477 824 1532 847 ar-

246 866 413 901 cessitum
446 878 519 901 non
554 878 643 911 esse,
678 866 748 901 iam
784 865 880 911 quod
913 865 975 901 illa
1007 865 1094 900 urbs
1128 865 1245 911 legum
1272 865 1434 901 claritate
1460 876 1547 901 11011·

245 920 498 965 praestitisset.
525 920 737 955 Refutatum
762 919 830 954 hoc
857 920 935 954 eius
961 923 1209 964 argumentum
1241 923 1295 953 est
1321 931 1343 953 a
1368 919 1531 954 Busoltio

247 973 300 1019 (12
321 986 355 1019 p.
375 974 446 1008 490
473 974 571 1018 ann.)
608 973 789 1018 Alterum,
817 972 913 1018 quod
938 972 1087 1018 profert,
1115 976 1372 1018 argumentum,
1400 973 1531 1008 Demo-

244 1028 405 1063 nacticae
435 1028 625 1063 mutationi
667 1026 793 1062 rerum'
817 1026 1034 1073 Delphicum
1078 1027 1261 1062 oraculum
1303 1026 1422 1062 favere
1460 1039 1531 1062 non

243 1082 413 1125 potuisse,
441 1094 521 1116 cum
548 1082 735 1116 adiuvaret
761 1086 887 1126 postea
905 1081 1108 1116 Arcesilam
1124 1081 1199 1124 III,
1227 1092 1299 1114 non
1326 1085 1381 1115 est
1403 1082 1532 1125 accipi-

244 1134 385 1177 endum,
425 1134 520 1181 quod
559 1146 671 1180 usque
705 1134 752 1169 ad
785 1134 880 1169 hunc
914 1134 1008 1170 diem
1041 1145 1144 1169 nemo
1181 1133 1344 1180 probavit
1374 1133 1529 1169 studium

243 1188 425 1234 Apollinis
451 1189 620 1235 Delphici
646 1189 756 1225 fuisse
784 1189 851 1224 sibi
878 1193 1057 1224 constans.

342 1257 381 1303 4)
406 1257 498 1292 Inde
534 1269 555 1292 a
582 1258 701 1294 c.162
740 1258 901 1292 narratio
928 1256 1195 1303 Cyrenaeorum
1233 1257 1305 1291 iam
1343 1256 1532 1292 manifesto

244 1311 326 1347 odio
353 1323 455 1358 reges
482 1312 712 1357 prosequitur
737 1323 810 1348 non
836 1312 978 1358 gravius
1005 1311 1173 1347 oblocuta
1207 1315 1290 1347 ante
1325 1310 1392 1347 hcc
1427 1315 1534 1357 caput

241 1365 371 1401 fabulis
397 1378 418 1400 a
436 1366 580 1411 regibus
599 1366 818 1412 approbatis.
846 1366 981 1401 Tamen
1001 1378 1072 1401 non
1091 1366 1210 1410 credo,
1237 1369 1396 1400 mutasse
1416 1365 1533 1400 Hero-

242 1419 366 1454 dotum
392 1420 537 1455 fontem.
590 1419 718 1455 Testes
745 1420 821 1455 eius
847 1420 1040 1466 populares
1059 1419 1235 1455 conditori
1257 1419 1356 1454 urbis
1374 1420 1533 1464 regibus-

241 1485 320 1518 que,
340 1474 400 1518 qui
414 1474 572 1518 proxime
589 1486 669 1508 eum
684 1474 936 1519 sequebantur,
953 1486 1016 1509 cur
1030 1474 1283 1517 obtrectarent,
1299 1485 1444 1507 causam
1462 1485 1533 1508 non

238 1526 431 1569 habebant,
447 1527 530 1572 quia
543 1531 706 1573 tempora
721 1539 844 1562 eorum
860 1528 1053 1563 remotiora
1068 1531 1180 1563 erant.
1199 1526 1320 1561 Aliter
1338 1526 1534 1572 loquuntur

241 1581 284 1615 de
310 1580 478 1616 Arcesila
502 1581 566 1616 III
599 1582 668 1617 nisi
705 1582 776 1616 iam
811 1582 854 1616 de
882 1581 1047 1616 Arcesila
1072 1582 1126 1626 II,
1160 1581 1220 1625 qui
1258 1581 1438 1616 discordia
1473 1581 1533 1616 do—

240 1635 388 1669 mestica
403 1635 551 1679 Cyrenis
568 1635 758 1669 maximam
777 1635 1017 1669 calamitatem
1034 1634 1197 1669 intulisse
1217 1638 1253 1668 et
1270 1634 1314 1668 de
1333 1633 1444 1669 Batto
1458 1634 1532 1678 III,

243 1688 345 1724 cuius
371 1688 568 1724 auctoritas
587 1689 653 1724 deo
680 1689 843 1724 adiutore
862 1689 1000 1724 minuta
1018 1701 1096 1724 esse
1115 1688 1255 1723 dicitur.
1290 1687 1399 1734 Apud
1417 1688 1533 1723 Hero-

243 1742 365 1778 dotum
380 1743 653 1788 explicationem
667 1744 937 1787 accuratiorem,
953 1743 1130 1788 quomodo
1144 1741 1337 1777 Battiadae
1356 1743 1394 1777 in
1413 1743 1533 1777 odium

241 1797 388 1832 testium
407 1796 665 1842 Cyrenensium
692 1801 799 1843 atque
827 1797 885 1832 dei
903 1797 1073 1843 Delphici
1098 1797 1324 1840 incurrerint,
1352 1796 1533 1832 desidera-

240 1863 328 1885 mus.
356 1851 564 1886 Invenimus
590 1863 668 1886 eam
687 1863 729 1886 eo
747 1852 838 1896 loco,
865 1852 926 1886 ubi
943 1852 1014 1886 iam
1033 1863 1140 1896 supra
1158 1851 1356 1885 membrum
1374 1851 1533 1885 eiusdem

239 1905 458 1939 narrationis
485 1904 713 1952 Cyrenensis,
740 1917 811 1951 qua
837 1906 951 1940 utitur
975 1905 1196 1949 Herodotus,
1230 1904 1342 1939 latere
1370 1904 1531 1940 vidimus.

243 1958 413 2003 Legimus
447 1958 543 2004 apud
569 1959 772 1994 Diodorum
798 1959 909 1995 VIII.
938 1960 1011 1993 30.:
1055 1955 1131 2003 „b'u
1163 1952 1381 2003 Ἀρκεσίλαος
1413 1954 1431 1993 ὁ
1462 1963 1533 1993 τῶν

241 2014 445 2059 Κυρηναίων
470 2012 633 2057 βασιλεὺς
657 2011 924 2058 δεινοπαθήσας
949 2011 1011 2047 ἐπὶ
1035 2018 1114 2054 ταῖς
1139 2018 1341 2059 συμφοραῖς
1368 2010 1533 2059 ἐπηρώτα

239 2064 291 2107 εἰς
318 2066 492 2113 Δελφούς.
529 2065 650 2114 ἔχρησε
685 2066 721 2102 δὲ
747 2062 766 2102 ὁ
792 2066 881 2108 θεὸς
906 2063 962 2101 ὅτι
988 2069 1086 2101 θεῶν
1112 2064 1188 2101 ἐστὶ
1213 2070 1324 2113 μῆνις·
1358 2065 1441 2108 τοὺς
1465 2065 1533 2113 γὰρ

237 2115 383 2165 ὕστερον
406 2120 564 2165 βασιλεῖς
590 2116 650 2165 οὐχ
678 2117 812 2166 ὁμοίιος
844 2117 963 2167 ἄρχειν
989 2124 1040 2166 τῷ
1066 2119 1199 2166 πρώτῳ
1226 2119 1363 2166 Βάττῳ.
1403 2119 1533 2155 ἐκεῖνον

340 2223 365 2261 1)
387 2222 493 2260 Miror,
521 2222 736 2252 Studniczkam
767 2224 811 2260 (p.
833 2224 871 2253 99
893 2232 961 2253 ann.
984 2223 1035 2260 13)
1063 2222 1119 2251 hac
1150 2222 1182 2251 in
1209 2232 1241 2251 re
1274 2222 1311 2251 ad
1332 2222 1530 2252 Benedictum

242 2267 282 2304 (p.
304 2268 357 2304 45)
378 2277 553 2304 provocare,
575 2277 643 2296 cum
664 2270 767 2296 tamen
787 2276 937 2296 summum
969 2266 1031 2295 eius
1064 2270 1285 2305 argumentum,
1313 2267 1530 2296 Demonactem

239 2320 300 2338 non
321 2310 479 2339 Mantinea
498 2315 639 2339 vocatum
660 2321 725 2339 esse
746 2311 799 2339 sed
819 2311 880 2339 iam
899 2311 970 2339 inde
985 2320 1002 2338 a
1015 2310 1099 2339 Batti
1113 2310 1147 2339 II
1161 2311 1348 2347 temporibus
1374 2311 1527 2340 habitasse

241 2352 374 2391 Cyrenis,
396 2364 457 2383 11011
478 2354 605 2392 probare
626 2354 765 2384 videatur
786 2354 838 2391 (cf.
859 2364 888 2391 p.
912 2355 957 2391 15,
980 2355 1061 2392 120).
