<?xml version="1.0" encoding="UTF-8"?>
<!DOCTYPE html PUBLIC "-//W3C//DTD XHTML 1.0 Transitional//EN"
    "http://www.w3.org/TR/xhtml1/DTD/xhtml1-transitional.dtd">
<html xmlns="http://www.w3.org/1999/xhtml" xml:lang="en" lang="en">
 <head>
  <title>
</title>
<meta http-equiv="Content-Type" content="text/html;charset=utf-8" />
  <meta name='ocr-system' content='tesseract 3.04.00' />
  <meta name='ocr-capabilities' content='ocr_page ocr_carea ocr_par ocr_line ocrx_word'/>
</head>
<body>
  <div class='ocr_page' id='page_1' title='image "4737398_0057.png"; bbox 0 0 1770 2769; ppageno 0'>
   <div class='ocr_carea' id='block_1_1' title="bbox 739 119 983 162">
    <p class='ocr_par' dir='ltr' id='par_1_1' title="bbox 739 119 983 162">
     <span class='ocr_line' id='line_1_1' title="bbox 739 119 983 162; baseline 0 -20"><span class='ocrx_word' id='word_1_1' title='bbox 739 119 884 162; x_wconf 71' lang='lat'>-.50</span> <span class='ocrx_word' id='word_1_2' title='bbox 939 138 983 142; x_wconf 74' lang='grc'>,-</span> 
     </span>
    </p>
   </div>
   <div class='ocr_carea' id='block_1_2' title="bbox 210 223 1508 1505">
    <p class='ocr_par' dir='ltr' id='par_1_2' title="bbox 387 223 1338 431">
     <span class='ocr_line' id='line_1_2' title="bbox 387 223 1320 271; baseline 0 -12"><span class='ocrx_word' id='word_1_3' title='bbox 387 225 445 259; x_wconf 79' lang='grc' dir='ltr'>καὶ</span> <span class='ocrx_word' id='word_1_4' title='bbox 473 223 554 260; x_wconf 89' lang='grc' dir='ltr'><strong><em>τότε</em></strong></span> <span class='ocrx_word' id='word_1_5' title='bbox 580 224 630 270; x_wconf 77' lang='grc' dir='ltr'>δή,</span> <span class='ocrx_word' id='word_1_6' title='bbox 659 224 811 271; x_wconf 79' lang='grc' dir='ltr'><strong><em>Μίλητε,</em></strong></span> <span class='ocrx_word' id='word_1_7' title='bbox 838 229 954 259; x_wconf 77' lang='grc' dir='ltr'><strong><em>κακῶν</em></strong></span> <span class='ocrx_word' id='word_1_8' title='bbox 981 223 1174 271; x_wconf 77' lang='grc' dir='ltr'><strong><em>ἐπιμήχανε</em></strong></span> <span class='ocrx_word' id='word_1_9' title='bbox 1200 223 1320 270; x_wconf 73' lang='grc' dir='ltr'><em>ἔργων,</em></span> 
     </span>
     <span class='ocr_line' id='line_1_3' title="bbox 388 275 1315 326; baseline 0 -15"><span class='ocrx_word' id='word_1_10' title='bbox 388 277 575 312; x_wconf 78' lang='grc' dir='ltr'><strong><em>πολλοῖσιν</em></strong></span> <span class='ocrx_word' id='word_1_11' title='bbox 601 275 744 313; x_wconf 82' lang='grc' dir='ltr'><strong><em>δεῖπνόν</em></strong></span> <span class='ocrx_word' id='word_1_12' title='bbox 769 290 808 312; x_wconf 87' lang='grc' dir='ltr'>τε</span> <span class='ocrx_word' id='word_1_13' title='bbox 833 277 893 311; x_wconf 85' lang='grc' dir='ltr'>καὶ</span> <span class='ocrx_word' id='word_1_14' title='bbox 919 275 1031 323; x_wconf 75' lang='grc' dir='ltr'><strong><em>ἀγλαὰ</em></strong></span> <span class='ocrx_word' id='word_1_15' title='bbox 1057 276 1152 323; x_wconf 80' lang='grc' dir='ltr'><strong><em>δῶρα</em></strong></span> <span class='ocrx_word' id='word_1_16' title='bbox 1166 277 1315 326; x_wconf 69' lang='grc' dir='ltr'><strong><em>γενήσῃ,</em></strong></span> 
     </span>
     <span class='ocr_line' id='line_1_4' title="bbox 388 330 1338 378; baseline 0 -12"><span class='ocrx_word' id='word_1_17' title='bbox 388 331 447 366; x_wconf 79' lang='grc' dir='ltr'>σαὶ</span> <span class='ocrx_word' id='word_1_18' title='bbox 475 330 627 376; x_wconf 76' lang='grc' dir='ltr'><strong><em>δ’ἄλοχοι</em></strong></span> <span class='ocrx_word' id='word_1_19' title='bbox 653 331 819 366; x_wconf 77' lang='grc' dir='ltr'><strong><em>πολλοῖσι</em></strong></span> <span class='ocrx_word' id='word_1_20' title='bbox 845 330 960 373; x_wconf 78' lang='grc' dir='ltr'><strong><em>πόδας</em></strong></span> <span class='ocrx_word' id='word_1_21' title='bbox 982 333 1133 376; x_wconf 83' lang='grc' dir='ltr'><strong><em>νίψουσι</em></strong></span> <span class='ocrx_word' id='word_1_22' title='bbox 1157 331 1338 378; x_wconf 83' lang='grc' dir='ltr'><strong><em>κομήταις,</em></strong></span> 
     </span>
     <span class='ocr_line' id='line_1_5' title="bbox 389 380 1268 431; baseline 0 -12"><span class='ocrx_word' id='word_1_23' title='bbox 389 389 472 431; x_wconf 79' lang='grc' dir='ltr'><strong><em>νηοῦ</em></strong></span> <span class='ocrx_word' id='word_1_24' title='bbox 498 380 700 431; x_wconf 70' lang='grc' dir='ltr'><strong><em>δ’ἧμετέρου</em></strong></span> <span class='ocrx_word' id='word_1_25' title='bbox 728 383 900 429; x_wconf 71' lang='grc' dir='ltr'><strong><em>Διδύμοις</em></strong></span> <span class='ocrx_word' id='word_1_26' title='bbox 925 381 1064 418; x_wconf 78' lang='grc' dir='ltr'><strong><em>ἄλλοισι</em></strong></span> <span class='ocrx_word' id='word_1_27' title='bbox 1089 383 1268 430; x_wconf 74' lang='grc' dir='ltr'><strong><em>μελήσει.“</em></strong></span> 
     </span>
    </p>

    <p class='ocr_par' dir='ltr' id='par_1_3' title="bbox 210 437 1508 1397">
     <span class='ocr_line' id='line_1_6' title="bbox 309 437 1504 484; baseline 0.001 -11"><span class='ocrx_word' id='word_1_28' title='bbox 309 437 440 474; x_wconf 90' lang='lat' dir='ltr'>Altera</span> <span class='ocrx_word' id='word_1_29' title='bbox 479 438 585 474; x_wconf 90' lang='lat' dir='ltr'>huius</span> <span class='ocrx_word' id='word_1_30' title='bbox 625 438 760 474; x_wconf 87' lang='lat' dir='ltr'>oraculi</span> <span class='ocrx_word' id='word_1_31' title='bbox 799 450 894 484; x_wconf 86' lang='lat' dir='ltr'>pars,</span> <span class='ocrx_word' id='word_1_32' title='bbox 935 450 1026 483; x_wconf 90' lang='lat' dir='ltr'>quae</span> <span class='ocrx_word' id='word_1_33' title='bbox 1067 442 1121 474; x_wconf 92' lang='lat' dir='ltr'>est</span> <span class='ocrx_word' id='word_1_34' title='bbox 1155 437 1198 474; x_wconf 92' lang='lat' dir='ltr'>de</span> <span class='ocrx_word' id='word_1_35' title='bbox 1225 438 1353 474; x_wconf 90' lang='lat' dir='ltr'>Mileto</span> <span class='ocrx_word' id='word_1_36' title='bbox 1390 442 1504 484; x_wconf 87' lang='lat' dir='ltr'>capta,</span> 
     </span>
     <span class='ocr_line' id='line_1_7' title="bbox 210 492 1506 537; baseline -0.002 -9"><span class='ocrx_word' id='word_1_37' title='bbox 210 493 381 528; x_wconf 86' lang='lat' dir='ltr'>facillima</span> <span class='ocrx_word' id='word_1_38' title='bbox 407 492 604 536; x_wconf 88' lang='lat' dir='ltr'>intellectu,</span> <span class='ocrx_word' id='word_1_39' title='bbox 640 492 737 527; x_wconf 89' lang='lat' dir='ltr'>haud</span> <span class='ocrx_word' id='word_1_40' title='bbox 772 492 878 526; x_wconf 91' lang='lat' dir='ltr'>dubie</span> <span class='ocrx_word' id='word_1_41' title='bbox 906 495 987 537; x_wconf 91' lang='lat' dir='ltr'>post</span> <span class='ocrx_word' id='word_1_42' title='bbox 1014 496 1179 526; x_wconf 91' lang='lat' dir='ltr'>eventum</span> <span class='ocrx_word' id='word_1_43' title='bbox 1206 492 1291 527; x_wconf 88' lang='lat' dir='ltr'>ficta</span> <span class='ocrx_word' id='word_1_44' title='bbox 1318 496 1383 526; x_wconf 88' lang='lat' dir='ltr'>est.</span> <span class='ocrx_word' id='word_1_45' title='bbox 1436 492 1506 526; x_wconf 92' lang='lat' dir='ltr'>Illa</span> 
     </span>
     <span class='ocr_line' id='line_1_8' title="bbox 211 544 1507 591; baseline 0 -11"><span class='ocrx_word' id='word_1_46' title='bbox 211 550 330 581; x_wconf 89' lang='lat' dir='ltr'>autem</span> <span class='ocrx_word' id='word_1_47' title='bbox 370 549 485 590; x_wconf 87' lang='lat' dir='ltr'>parte,</span> <span class='ocrx_word' id='word_1_48' title='bbox 525 557 617 590; x_wconf 90' lang='lat' dir='ltr'>quae</span> <span class='ocrx_word' id='word_1_49' title='bbox 657 545 701 580; x_wconf 90' lang='lat' dir='ltr'>de</span> <span class='ocrx_word' id='word_1_50' title='bbox 728 544 838 591; x_wconf 85' lang='lat' dir='ltr'>Argis</span> <span class='ocrx_word' id='word_1_51' title='bbox 877 544 1017 591; x_wconf 83' lang='lat' dir='ltr'>agebat,</span> <span class='ocrx_word' id='word_1_52' title='bbox 1052 544 1263 580; x_wconf 88' lang='lat' dir='ltr'>Herodotus</span> <span class='ocrx_word' id='word_1_53' title='bbox 1298 545 1385 591; x_wconf 92' lang='lat' dir='ltr'>ipse,</span> <span class='ocrx_word' id='word_1_54' title='bbox 1420 544 1507 591; x_wconf 90' lang='lat' dir='ltr'>quid</span> 
     </span>
     <span class='ocr_line' id='line_1_9' title="bbox 212 599 1507 644; baseline -0.001 -9"><span class='ocrx_word' id='word_1_55' title='bbox 212 600 359 643; x_wconf 85' lang='lat' dir='ltr'>faceret,</span> <span class='ocrx_word' id='word_1_56' title='bbox 387 599 581 634; x_wconf 79' lang='lat' dir='ltr'>nesciebat.</span> <span class='ocrx_word' id='word_1_57' title='bbox 636 599 726 634; x_wconf 83' lang='lat' dir='ltr'>Cum</span> <span class='ocrx_word' id='word_1_58' title='bbox 755 599 1016 644; x_wconf 83' lang='lat' dir='ltr'>Spartanorum</span> <span class='ocrx_word' id='word_1_59' title='bbox 1043 603 1151 644; x_wconf 89' lang='lat' dir='ltr'>atque</span> <span class='ocrx_word' id='word_1_60' title='bbox 1178 599 1396 644; x_wconf 89' lang='lat' dir='ltr'>Argivorum</span> <span class='ocrx_word' id='word_1_61' title='bbox 1425 611 1507 634; x_wconf 86' lang='lat' dir='ltr'>nar-</span> 
     </span>
     <span class='ocr_line' id='line_1_10' title="bbox 211 652 1506 697; baseline 0 -10"><span class='ocrx_word' id='word_1_62' title='bbox 211 653 423 696; x_wconf 82' lang='lat' dir='ltr'>rationibus,</span> <span class='ocrx_word' id='word_1_63' title='bbox 453 665 495 687; x_wconf 87' lang='lat' dir='ltr'>ex</span> <span class='ocrx_word' id='word_1_64' title='bbox 522 652 651 697; x_wconf 91' lang='lat' dir='ltr'>quibus</span> <span class='ocrx_word' id='word_1_65' title='bbox 678 656 800 687; x_wconf 87' lang='lat' dir='ltr'>cetera</span> <span class='ocrx_word' id='word_1_66' title='bbox 827 653 956 696; x_wconf 87' lang='lat' dir='ltr'>hausit,</span> <span class='ocrx_word' id='word_1_67' title='bbox 985 664 1077 697; x_wconf 85' lang='lat' dir='ltr'>quae</span> <span class='ocrx_word' id='word_1_68' title='bbox 1105 652 1149 687; x_wconf 91' lang='lat' dir='ltr'>de</span> <span class='ocrx_word' id='word_1_69' title='bbox 1178 652 1270 687; x_wconf 90' lang='lat' dir='ltr'>bello</span> <span class='ocrx_word' id='word_1_70' title='bbox 1292 652 1353 687; x_wconf 90' lang='lat' dir='ltr'>illo</span> <span class='ocrx_word' id='word_1_71' title='bbox 1372 655 1506 696; x_wconf 86' lang='lat' dir='ltr'>narrat,</span> 
     </span>
     <span class='ocr_line' id='line_1_11' title="bbox 210 706 1506 751; baseline 0 -10"><span class='ocrx_word' id='word_1_72' title='bbox 210 707 248 741; x_wconf 90' lang='lat' dir='ltr'>hi</span> <span class='ocrx_word' id='word_1_73' title='bbox 275 718 399 741; x_wconf 86' lang='lat' dir='ltr'>versus</span> <span class='ocrx_word' id='word_1_74' title='bbox 426 717 499 741; x_wconf 90' lang='lat' dir='ltr'>non</span> <span class='ocrx_word' id='word_1_75' title='bbox 526 706 764 751; x_wconf 84' lang='lat' dir='ltr'>quadrabant.</span> <span class='ocrx_word' id='word_1_76' title='bbox 793 706 929 742; x_wconf 82' lang='lat' dir='ltr'>Tamen</span> <span class='ocrx_word' id='word_1_77' title='bbox 957 718 1028 742; x_wconf 89' lang='lat' dir='ltr'>non</span> <span class='ocrx_word' id='word_1_78' title='bbox 1056 706 1225 742; x_wconf 88' lang='lat' dir='ltr'>sustinuit</span> <span class='ocrx_word' id='word_1_79' title='bbox 1244 718 1304 742; x_wconf 92' lang='lat' dir='ltr'>eos</span> <span class='ocrx_word' id='word_1_80' title='bbox 1324 706 1506 742; x_wconf 90' lang='lat' dir='ltr'>omittere:</span> 
     </span>
     <span class='ocr_line' id='line_1_12' title="bbox 211 760 1505 807; baseline 0.001 -13"><span class='ocrx_word' id='word_1_81' title='bbox 211 761 380 805; x_wconf 88' lang='lat' dir='ltr'>leguntur</span> <span class='ocrx_word' id='word_1_82' title='bbox 406 772 501 794; x_wconf 88' lang='lat' dir='ltr'>nunc</span> <span class='ocrx_word' id='word_1_83' title='bbox 529 760 584 795; x_wconf 88' lang='lat' dir='ltr'>VI</span> <span class='ocrx_word' id='word_1_84' title='bbox 613 760 758 804; x_wconf 73' lang='grc'><strong>77,111)1</strong></span> <span class='ocrx_word' id='word_1_85' title='bbox 785 761 928 795; x_wconf 88' lang='lat' dir='ltr'>minime</span> <span class='ocrx_word' id='word_1_86' title='bbox 955 760 1114 804; x_wconf 82' lang='lat' dir='ltr'>intellegi</span> <span class='ocrx_word' id='word_1_87' title='bbox 1141 764 1271 807; x_wconf 85' lang='lat' dir='ltr'>potest,</span> <span class='ocrx_word' id='word_1_88' title='bbox 1311 772 1416 805; x_wconf 90' lang='lat' dir='ltr'>quem</span> <span class='ocrx_word' id='word_1_89' title='bbox 1444 760 1505 794; x_wconf 84' lang='lat' dir='ltr'>ha-</span> 
     </span>
     <span class='ocr_line' id='line_1_13' title="bbox 211 809 1507 860; baseline 0 -12"><span class='ocrx_word' id='word_1_90' title='bbox 211 814 356 848; x_wconf 88' lang='lat' dir='ltr'>buerint</span> <span class='ocrx_word' id='word_1_91' title='bbox 391 826 544 848; x_wconf 88' lang='lat' dir='ltr'>sensum.</span> <span class='ocrx_word' id='word_1_92' title='bbox 589 814 849 858; x_wconf 88' lang='lat' dir='ltr'>Interpretatio</span> <span class='ocrx_word' id='word_1_93' title='bbox 885 814 1019 848; x_wconf 87' lang='lat' dir='ltr'>usitata</span> <span class='ocrx_word' id='word_1_94' title='bbox 1054 817 1118 857; x_wconf 89' lang='lat' dir='ltr'>est,</span> <span class='ocrx_word' id='word_1_95' title='bbox 1147 812 1313 858; x_wconf 83' lang='lat' dir='ltr'>Spartam</span> <span class='ocrx_word' id='word_1_96' title='bbox 1348 825 1426 848; x_wconf 91' lang='lat' dir='ltr'>esse</span> <span class='ocrx_word' id='word_1_97' title='bbox 1464 809 1507 860; x_wconf 52' lang='lat' dir='ltr'>„r‘s</span> 
     </span>
     <span class='ocr_line' id='line_1_14' title="bbox 211 862 1507 914; baseline 0.002 -13"><span class='ocrx_word' id='word_1_98' title='bbox 211 866 363 914; x_wconf 75' lang='grc' dir='ltr'><strong><em>θήλεια“</em></strong></span> <span class='ocrx_word' id='word_1_99' title='bbox 406 866 577 912; x_wconf 87' lang='lat' dir='ltr'>Argos</span> <span class='ocrx_word' id='word_1_100' title='bbox 579 865 651 908; x_wconf 82' lang='grc' dir='ltr'>τὸν</span> <span class='ocrx_word' id='word_1_101' title='bbox 688 862 854 913; x_wconf 58' lang='grc' dir='ltr'>ἄρσενα.ιι</span> <span class='ocrx_word' id='word_1_102' title='bbox 921 866 1057 902; x_wconf 82' lang='lat' dir='ltr'>Tamen</span> <span class='ocrx_word' id='word_1_103' title='bbox 1094 866 1195 903; x_wconf 85' lang='lat' dir='ltr'>Stein</span> <span class='ocrx_word' id='word_1_104' title='bbox 1234 867 1296 914; x_wconf 86' lang='lat' dir='ltr'>(ad</span> <span class='ocrx_word' id='word_1_105' title='bbox 1322 867 1378 903; x_wconf 92' lang='lat' dir='ltr'>VI</span> <span class='ocrx_word' id='word_1_106' title='bbox 1406 868 1449 903; x_wconf 82' lang='lat'>77</span> <span class='ocrx_word' id='word_1_107' title='bbox 1465 865 1507 913; x_wconf 89' lang='lat'>¹⁰)</span> 
     </span>
     <span class='ocr_line' id='line_1_15' title="bbox 213 919 1507 968; baseline 0.001 -13"><span class='ocrx_word' id='word_1_108' title='bbox 213 921 302 956; x_wconf 90' lang='lat' dir='ltr'>vidit</span> <span class='ocrx_word' id='word_1_109' title='bbox 328 921 476 956; x_wconf 80' lang='lat' dir='ltr'>verbum</span> <span class='ocrx_word' id='word_1_110' title='bbox 507 919 694 968; x_wconf 68' lang='grc' dir='ltr'>,,ἑξελοὶσῃ“</span> <span class='ocrx_word' id='word_1_111' title='bbox 725 922 757 956; x_wconf 93' lang='lat' dir='ltr'>ei</span> <span class='ocrx_word' id='word_1_112' title='bbox 783 933 1006 967; x_wconf 85' lang='lat' dir='ltr'>repugnare:</span> <span class='ocrx_word' id='word_1_113' title='bbox 1046 921 1325 957; x_wconf 86' lang='lat' dir='ltr'>Lacedaemonii</span> <span class='ocrx_word' id='word_1_114' title='bbox 1351 921 1507 966; x_wconf 88' lang='lat' dir='ltr'>Argivos</span> 
     </span>
     <span class='ocr_line' id='line_1_16' title="bbox 213 971 1508 1021; baseline 0 -12"><span class='ocrx_word' id='word_1_115' title='bbox 213 987 285 1010; x_wconf 92' lang='lat' dir='ltr'>non</span> <span class='ocrx_word' id='word_1_116' title='bbox 312 975 536 1019; x_wconf 87' lang='lat' dir='ltr'>expulerunt.</span> <span class='ocrx_word' id='word_1_117' title='bbox 577 974 743 1017; x_wconf 84' lang='lat' dir='ltr'>Accedit,</span> <span class='ocrx_word' id='word_1_118' title='bbox 772 975 868 1020; x_wconf 92' lang='lat' dir='ltr'>quod</span> <span class='ocrx_word' id='word_1_119' title='bbox 888 971 1009 1021; x_wconf 70' lang='grc' dir='ltr'><strong><em>Ἄργος</em></strong></span> <span class='ocrx_word' id='word_1_120' title='bbox 1033 976 1175 1021; x_wconf 88' lang='lat' dir='ltr'>generis</span> <span class='ocrx_word' id='word_1_121' title='bbox 1198 976 1360 1009; x_wconf 85' lang='lat' dir='ltr'>neutrius</span> <span class='ocrx_word' id='word_1_122' title='bbox 1379 978 1443 1019; x_wconf 89' lang='lat' dir='ltr'>est,</span> <span class='ocrx_word' id='word_1_123' title='bbox 1472 978 1508 1009; x_wconf 89' lang='lat' dir='ltr'>et</span> 
     </span>
     <span class='ocr_line' id='line_1_17' title="bbox 214 1027 1504 1075; baseline 0.001 -12"><span class='ocrx_word' id='word_1_124' title='bbox 214 1029 321 1063; x_wconf 88' lang='lat' dir='ltr'>heros</span> <span class='ocrx_word' id='word_1_125' title='bbox 341 1028 474 1073; x_wconf 82' lang='lat' dir='ltr'>Argus,</span> <span class='ocrx_word' id='word_1_126' title='bbox 502 1029 531 1062; x_wconf 90' lang='lat' dir='ltr'>si</span> <span class='ocrx_word' id='word_1_127' title='bbox 558 1040 623 1074; x_wconf 88' lang='lat' dir='ltr'>pro</span> <span class='ocrx_word' id='word_1_128' title='bbox 651 1028 740 1063; x_wconf 90' lang='lat' dir='ltr'>urbe</span> <span class='ocrx_word' id='word_1_129' title='bbox 768 1028 1057 1072; x_wconf 86' lang='lat' dir='ltr'>substitueretur,</span> <span class='ocrx_word' id='word_1_130' title='bbox 1085 1028 1270 1064; x_wconf 89' lang='lat' dir='ltr'>heroinam</span> <span class='ocrx_word' id='word_1_131' title='bbox 1291 1027 1504 1075; x_wconf 84' lang='lat' dir='ltr'>„Spartam“</span> 
     </span>
     <span class='ocr_line' id='line_1_18' title="bbox 213 1082 1507 1129; baseline -0.001 -11"><span class='ocrx_word' id='word_1_132' title='bbox 213 1082 426 1128; x_wconf 83' lang='lat' dir='ltr'>postularet,</span> <span class='ocrx_word' id='word_1_133' title='bbox 453 1095 545 1128; x_wconf 90' lang='lat' dir='ltr'>quae</span> <span class='ocrx_word' id='word_1_134' title='bbox 572 1095 765 1127; x_wconf 88' lang='lat' dir='ltr'>numquam</span> <span class='ocrx_word' id='word_1_135' title='bbox 793 1083 975 1129; x_wconf 89' lang='lat' dir='ltr'>exstitit.¹)</span> <span class='ocrx_word' id='word_1_136' title='bbox 1015 1083 1170 1128; x_wconf 88' lang='lat' dir='ltr'>Propter</span> <span class='ocrx_word' id='word_1_137' title='bbox 1195 1084 1340 1118; x_wconf 90' lang='lat' dir='ltr'>tertium</span> <span class='ocrx_word' id='word_1_138' title='bbox 1367 1095 1507 1118; x_wconf 87' lang='lat' dir='ltr'>versum</span> 
     </span>
     <span class='ocr_line' id='line_1_19' title="bbox 214 1136 1507 1182; baseline 0.001 -11"><span class='ocrx_word' id='word_1_139' title='bbox 214 1137 406 1181; x_wconf 84' lang='lat' dir='ltr'>explicatio</span> <span class='ocrx_word' id='word_1_140' title='bbox 433 1136 636 1171; x_wconf 90' lang='lat' dir='ltr'>Pausaniae</span> <span class='ocrx_word' id='word_1_141' title='bbox 662 1137 718 1180; x_wconf 94' lang='lat' dir='ltr'>(II</span> <span class='ocrx_word' id='word_1_142' title='bbox 745 1138 791 1171; x_wconf 79' lang='lat'>20</span> <span class='ocrx_word' id='word_1_143' title='bbox 819 1137 840 1170; x_wconf 94' lang='lat' dir='ltr'>i.</span> <span class='ocrx_word' id='word_1_144' title='bbox 861 1136 901 1182; x_wconf 87' lang='lat' dir='ltr'>f.)</span> <span class='ocrx_word' id='word_1_145' title='bbox 928 1137 1130 1181; x_wconf 91' lang='lat' dir='ltr'>spernenda</span> <span class='ocrx_word' id='word_1_146' title='bbox 1157 1140 1222 1180; x_wconf 88' lang='lat' dir='ltr'>est,</span> <span class='ocrx_word' id='word_1_147' title='bbox 1262 1137 1322 1181; x_wconf 89' lang='lat' dir='ltr'>qui</span> <span class='ocrx_word' id='word_1_148' title='bbox 1347 1136 1507 1182; x_wconf 80' lang='lat' dir='ltr'>putabat,</span> 
     </span>
     <span class='ocr_line' id='line_1_20' title="bbox 214 1189 1507 1237; baseline 0.001 -12"><span class='ocrx_word' id='word_1_149' title='bbox 214 1190 420 1226; x_wconf 90' lang='lat' dir='ltr'>Telesillam</span> <span class='ocrx_word' id='word_1_150' title='bbox 432 1189 460 1237; x_wconf 80' lang='grc'>2)</span> <span class='ocrx_word' id='word_1_151' title='bbox 502 1189 610 1225; x_wconf 88' lang='lat' dir='ltr'>fuisse</span> <span class='ocrx_word' id='word_1_152' title='bbox 650 1189 818 1226; x_wconf 84' lang='lat' dir='ltr'>feminam</span> <span class='ocrx_word' id='word_1_153' title='bbox 857 1190 965 1236; x_wconf 89' lang='lat' dir='ltr'>illam,</span> <span class='ocrx_word' id='word_1_154' title='bbox 1006 1202 1096 1236; x_wconf 90' lang='lat' dir='ltr'>quae</span> <span class='ocrx_word' id='word_1_155' title='bbox 1135 1202 1270 1226; x_wconf 89' lang='lat' dir='ltr'>marem</span> <span class='ocrx_word' id='word_1_156' title='bbox 1297 1190 1507 1237; x_wconf 83' lang='lat' dir='ltr'>expulisset:</span> 
     </span>
     <span class='ocr_line' id='line_1_21' title="bbox 214 1244 1508 1290; baseline -0.001 -10"><span class='ocrx_word' id='word_1_157' title='bbox 214 1249 296 1290; x_wconf 91' lang='lat' dir='ltr'>post</span> <span class='ocrx_word' id='word_1_158' title='bbox 323 1245 507 1280; x_wconf 90' lang='lat' dir='ltr'>victoriam</span> <span class='ocrx_word' id='word_1_159' title='bbox 535 1245 705 1280; x_wconf 86' lang='lat' dir='ltr'>Telesilla</span> <span class='ocrx_word' id='word_1_160' title='bbox 738 1245 889 1280; x_wconf 85' lang='lat' dir='ltr'>feminas</span> <span class='ocrx_word' id='word_1_161' title='bbox 914 1244 1069 1290; x_wconf 85' lang='lat' dir='ltr'>Argivas</span> <span class='ocrx_word' id='word_1_162' title='bbox 1104 1257 1175 1279; x_wconf 92' lang='lat' dir='ltr'>non</span> <span class='ocrx_word' id='word_1_163' title='bbox 1210 1245 1247 1279; x_wconf 89' lang='lat' dir='ltr'>in</span> <span class='ocrx_word' id='word_1_164' title='bbox 1281 1245 1416 1280; x_wconf 86' lang='lat' dir='ltr'>luctum</span> <span class='ocrx_word' id='word_1_165' title='bbox 1449 1245 1508 1279; x_wconf 91' lang='lat' dir='ltr'>de—</span> 
     </span>
     <span class='ocr_line' id='line_1_22' title="bbox 214 1298 1508 1344; baseline 0.001 -12"><span class='ocrx_word' id='word_1_166' title='bbox 214 1299 331 1333; x_wconf 81' lang='lat' dir='ltr'>trusit.</span> <span class='ocrx_word' id='word_1_167' title='bbox 384 1299 444 1332; x_wconf 85' lang='lat' dir='ltr'>Ita</span> <span class='ocrx_word' id='word_1_168' title='bbox 471 1310 535 1344; x_wconf 89' lang='lat' dir='ltr'>ego</span> <span class='ocrx_word' id='word_1_169' title='bbox 564 1298 606 1333; x_wconf 91' lang='lat' dir='ltr'>de</span> <span class='ocrx_word' id='word_1_170' title='bbox 633 1299 931 1343; x_wconf 84' lang='lat' dir='ltr'>interpretatione</span> <span class='ocrx_word' id='word_1_171' title='bbox 959 1298 1154 1333; x_wconf 90' lang='lat' dir='ltr'>sufficiente</span> <span class='ocrx_word' id='word_1_172' title='bbox 1182 1298 1334 1344; x_wconf 91' lang='lat' dir='ltr'>despero</span> <span class='ocrx_word' id='word_1_173' title='bbox 1361 1302 1508 1343; x_wconf 90' lang='lat' dir='ltr'>propter</span> 
     </span>
     <span class='ocr_line' id='line_1_23' title="bbox 214 1351 1200 1397; baseline 0.001 -11"><span class='ocrx_word' id='word_1_174' title='bbox 214 1351 395 1387; x_wconf 88' lang='lat' dir='ltr'>Herodoti</span> <span class='ocrx_word' id='word_1_175' title='bbox 422 1364 549 1397; x_wconf 89' lang='lat' dir='ltr'>parum</span> <span class='ocrx_word' id='word_1_176' title='bbox 577 1352 754 1387; x_wconf 84' lang='lat' dir='ltr'>excultam</span> <span class='ocrx_word' id='word_1_177' title='bbox 782 1352 1049 1387; x_wconf 89' lang='lat' dir='ltr'>contaminandi</span> <span class='ocrx_word' id='word_1_178' title='bbox 1076 1356 1200 1387; x_wconf 91' lang='lat' dir='ltr'>artem.</span> 
     </span>
    </p>

    <p class='ocr_par' dir='ltr' id='par_1_4' title="bbox 216 1406 1507 1505">
     <span class='ocr_line' id='line_1_24' title="bbox 314 1406 1506 1451; baseline -0.001 -11"><span class='ocrx_word' id='word_1_179' title='bbox 314 1406 469 1440; x_wconf 84' lang='lat' dir='ltr'>Fontem</span> <span class='ocrx_word' id='word_1_180' title='bbox 504 1407 658 1440; x_wconf 90' lang='lat' dir='ltr'>omnium</span> <span class='ocrx_word' id='word_1_181' title='bbox 694 1406 819 1440; x_wconf 88' lang='lat' dir='ltr'>horum</span> <span class='ocrx_word' id='word_1_182' title='bbox 855 1418 1022 1441; x_wconf 82' lang='lat' dir='ltr'>versuum</span> <span class='ocrx_word' id='word_1_183' title='bbox 1056 1407 1225 1441; x_wconf 90' lang='lat' dir='ltr'>mirorum</span> <span class='ocrx_word' id='word_1_184' title='bbox 1263 1418 1327 1451; x_wconf 88' lang='lat' dir='ltr'>ego</span> <span class='ocrx_word' id='word_1_185' title='bbox 1364 1417 1506 1440; x_wconf 87' lang='lat' dir='ltr'>carmen</span> 
     </span>
     <span class='ocr_line' id='line_1_25' title="bbox 216 1459 1507 1505; baseline 0.001 -12"><span class='ocrx_word' id='word_1_186' title='bbox 216 1459 535 1503; x_wconf 87' lang='lat' dir='ltr'>chresmologicum</span> <span class='ocrx_word' id='word_1_187' title='bbox 547 1459 575 1504; x_wconf 81' lang='lat'>³)</span> <span class='ocrx_word' id='word_1_188' title='bbox 610 1459 717 1494; x_wconf 88' lang='lat' dir='ltr'>fuisse</span> <span class='ocrx_word' id='word_1_189' title='bbox 753 1470 882 1494; x_wconf 87' lang='lat' dir='ltr'>censeo</span> <span class='ocrx_word' id='word_1_190' title='bbox 918 1461 1153 1504; x_wconf 91' lang='lat' dir='ltr'>compositum</span> <span class='ocrx_word' id='word_1_191' title='bbox 1180 1471 1201 1494; x_wconf 90' lang='lat' dir='ltr'>a</span> <span class='ocrx_word' id='word_1_192' title='bbox 1228 1459 1395 1505; x_wconf 91' lang='lat' dir='ltr'>quopiam</span> <span class='ocrx_word' id='word_1_193' title='bbox 1426 1462 1507 1494; x_wconf 86' lang='lat' dir='ltr'>vate</span> 
     </span>
    </p>
   </div>
   <div class='ocr_carea' id='block_1_3' title="bbox 217 1520 451 1523">
    <p class='ocr_par' dir='ltr' id='par_1_5' title="bbox 217 1520 451 1523">
     <span class='ocr_line' id='line_1_26' title="bbox 217 1520 451 1523; baseline 0 0"><span class='ocrx_word' id='word_1_194' title='bbox 217 1520 451 1523; x_wconf 95' lang='lat' dir='ltr'> </span> 
     </span>
    </p>
   </div>
   <div class='ocr_carea' id='block_1_4' title="bbox 213 1536 1511 2367">
    <p class='ocr_par' dir='ltr' id='par_1_6' title="bbox 213 1536 1511 1971">
     <span class='ocr_line' id='line_1_27' title="bbox 319 1536 1511 1575; baseline -0.001 -10"><span class='ocrx_word' id='word_1_195' title='bbox 319 1538 340 1573; x_wconf 93' lang='lat' dir='ltr'>l)</span> <span class='ocrx_word' id='word_1_196' title='bbox 363 1536 433 1565; x_wconf 84' lang='lat' dir='ltr'>Non</span> <span class='ocrx_word' id='word_1_197' title='bbox 455 1537 526 1565; x_wconf 89' lang='lat' dir='ltr'>licet</span> <span class='ocrx_word' id='word_1_198' title='bbox 556 1539 671 1573; x_wconf 83' lang='lat' dir='ltr'>putare,</span> <span class='ocrx_word' id='word_1_199' title='bbox 698 1536 830 1566; x_wconf 88' lang='lat' dir='ltr'>Graecos</span> <span class='ocrx_word' id='word_1_200' title='bbox 851 1537 972 1566; x_wconf 91' lang='lat' dir='ltr'>illorum</span> <span class='ocrx_word' id='word_1_201' title='bbox 993 1540 1164 1574; x_wconf 88' lang='lat' dir='ltr'>temporum</span> <span class='ocrx_word' id='word_1_202' title='bbox 1185 1537 1297 1575; x_wconf 87' lang='lat' dir='ltr'>ingenii</span> <span class='ocrx_word' id='word_1_203' title='bbox 1320 1536 1511 1574; x_wconf 84' lang='lat' dir='ltr'>grammatici</span> 
     </span>
     <span class='ocr_line' id='line_1_28' title="bbox 215 1580 1507 1620; baseline -0.002 -10"><span class='ocrx_word' id='word_1_204' title='bbox 215 1584 261 1610; x_wconf 87' lang='lat' dir='ltr'>sat</span> <span class='ocrx_word' id='word_1_205' title='bbox 281 1582 430 1618; x_wconf 80' lang='lat' dir='ltr'>habuisse,</span> <span class='ocrx_word' id='word_1_206' title='bbox 451 1584 485 1609; x_wconf 92' lang='lat' dir='ltr'>ut</span> <span class='ocrx_word' id='word_1_207' title='bbox 506 1581 678 1618; x_wconf 83' lang='lat' dir='ltr'>intellegere</span> <span class='ocrx_word' id='word_1_208' title='bbox 700 1585 831 1617; x_wconf 83' lang='lat' dir='ltr'>possent,</span> <span class='ocrx_word' id='word_1_209' title='bbox 853 1591 918 1610; x_wconf 88' lang='lat' dir='ltr'>rem</span> <span class='ocrx_word' id='word_1_210' title='bbox 935 1582 1101 1620; x_wconf 56' lang='lat' dir='ltr'>„Zmipmst</span> <span class='ocrx_word' id='word_1_211' title='bbox 1125 1590 1190 1610; x_wconf 86' lang='lat' dir='ltr'>esse</span> <span class='ocrx_word' id='word_1_212' title='bbox 1207 1581 1358 1610; x_wconf 80' lang='lat' dir='ltr'>feminam.</span> <span class='ocrx_word' id='word_1_213' title='bbox 1380 1580 1507 1609; x_wconf 84' lang='lat' dir='ltr'>Notissi-</span> 
     </span>
     <span class='ocr_line' id='line_1_29' title="bbox 214 1624 1508 1663; baseline -0.002 -8"><span class='ocrx_word' id='word_1_214' title='bbox 214 1635 281 1655; x_wconf 91' lang='lat' dir='ltr'>mus</span> <span class='ocrx_word' id='word_1_215' title='bbox 302 1626 352 1655; x_wconf 91' lang='lat' dir='ltr'>ille</span> <span class='ocrx_word' id='word_1_216' title='bbox 373 1625 456 1654; x_wconf 89' lang='lat' dir='ltr'>locus</span> <span class='ocrx_word' id='word_1_217' title='bbox 477 1624 718 1662; x_wconf 86' lang='lat' dir='ltr'>Aristophaneus</span> <span class='ocrx_word' id='word_1_218' title='bbox 740 1625 851 1662; x_wconf 85' lang='lat' dir='ltr'>(Nubb.</span> <span class='ocrx_word' id='word_1_219' title='bbox 867 1626 925 1656; x_wconf 86' lang='lat'>658</span> <span class='ocrx_word' id='word_1_220' title='bbox 946 1626 1003 1663; x_wconf 83' lang='lat' dir='ltr'>sq.)</span> <span class='ocrx_word' id='word_1_221' title='bbox 1020 1625 1215 1660; x_wconf 83' lang='lat' dir='ltr'>demonstrat,</span> <span class='ocrx_word' id='word_1_222' title='bbox 1238 1634 1329 1663; x_wconf 79' lang='lat' dir='ltr'>quam</span> <span class='ocrx_word' id='word_1_223' title='bbox 1344 1625 1438 1654; x_wconf 88' lang='lat' dir='ltr'>mirae</span> <span class='ocrx_word' id='word_1_224' title='bbox 1452 1625 1508 1654; x_wconf 88' lang='lat' dir='ltr'>hae</span> 
     </span>
     <span class='ocr_line' id='line_1_30' title="bbox 213 1669 1509 1708; baseline -0.001 -9"><span class='ocrx_word' id='word_1_225' title='bbox 213 1671 420 1699; x_wconf 84' lang='lat' dir='ltr'>distinctiones</span> <span class='ocrx_word' id='word_1_226' title='bbox 441 1670 666 1707; x_wconf 81' lang='lat' dir='ltr'>grammaticae,</span> <span class='ocrx_word' id='word_1_227' title='bbox 689 1670 828 1698; x_wconf 85' lang='lat' dir='ltr'>inventae</span> <span class='ocrx_word' id='word_1_228' title='bbox 850 1679 867 1698; x_wconf 86' lang='lat' dir='ltr'>a</span> <span class='ocrx_word' id='word_1_229' title='bbox 889 1670 1037 1707; x_wconf 82' lang='lat' dir='ltr'>sophistis,</span> <span class='ocrx_word' id='word_1_230' title='bbox 1058 1670 1148 1708; x_wconf 83' lang='lat' dir='ltr'>vulgo</span> <span class='ocrx_word' id='word_1_231' title='bbox 1170 1670 1253 1698; x_wconf 88' lang='lat' dir='ltr'>visae</span> <span class='ocrx_word' id='word_1_232' title='bbox 1275 1670 1343 1698; x_wconf 89' lang='lat' dir='ltr'>sint.</span> <span class='ocrx_word' id='word_1_233' title='bbox 1365 1669 1509 1698; x_wconf 84' lang='lat' dir='ltr'>Herodo-</span> 
     </span>
     <span class='ocr_line' id='line_1_31' title="bbox 214 1713 1508 1751; baseline -0.001 -9"><span class='ocrx_word' id='word_1_234' title='bbox 214 1717 263 1743; x_wconf 87' lang='lat' dir='ltr'>tus</span> <span class='ocrx_word' id='word_1_235' title='bbox 288 1715 351 1751; x_wconf 89' lang='lat' dir='ltr'>ipse</span> <span class='ocrx_word' id='word_1_236' title='bbox 374 1713 412 1742; x_wconf 91' lang='lat' dir='ltr'>ad</span> <span class='ocrx_word' id='word_1_237' title='bbox 432 1714 508 1742; x_wconf 89' lang='lat' dir='ltr'>tales</span> <span class='ocrx_word' id='word_1_238' title='bbox 530 1723 578 1742; x_wconf 87' lang='lat' dir='ltr'>res</span> <span class='ocrx_word' id='word_1_239' title='bbox 599 1723 659 1742; x_wconf 91' lang='lat' dir='ltr'>non</span> <span class='ocrx_word' id='word_1_240' title='bbox 681 1714 769 1742; x_wconf 82' lang='lat' dir='ltr'>valde</span> <span class='ocrx_word' id='word_1_241' title='bbox 789 1714 921 1742; x_wconf 87' lang='lat' dir='ltr'>intentus</span> <span class='ocrx_word' id='word_1_242' title='bbox 943 1716 1017 1751; x_wconf 80' lang='lat' dir='ltr'>erat,</span> <span class='ocrx_word' id='word_1_243' title='bbox 1037 1723 1107 1742; x_wconf 82' lang='lat' dir='ltr'>nam</span> <span class='ocrx_word' id='word_1_244' title='bbox 1128 1714 1369 1742; x_wconf 86' lang='lat' dir='ltr'>terminationem</span> <span class='ocrx_word' id='word_1_245' title='bbox 1391 1722 1508 1741; x_wconf 84' lang='lat' dir='ltr'>mascu-</span> 
     </span>
     <span class='ocr_line' id='line_1_32' title="bbox 214 1757 1507 1795; baseline -0.001 -9"><span class='ocrx_word' id='word_1_246' title='bbox 214 1758 307 1786; x_wconf 83' lang='lat' dir='ltr'>linam</span> <span class='ocrx_word' id='word_1_247' title='bbox 338 1759 421 1794; x_wconf 62' lang='lat' dir='ltr'>„mg-‘⁴</span> <span class='ocrx_word' id='word_1_248' title='bbox 452 1767 469 1785; x_wconf 92' lang='lat' dir='ltr'>a</span> <span class='ocrx_word' id='word_1_249' title='bbox 497 1757 627 1786; x_wconf 87' lang='lat' dir='ltr'>neutrali</span> <span class='ocrx_word' id='word_1_250' title='bbox 648 1757 817 1787; x_wconf 88' lang='lat' dir='ltr'>discernere</span> <span class='ocrx_word' id='word_1_251' title='bbox 838 1758 990 1795; x_wconf 87' lang='lat' dir='ltr'>nequibat,</span> <span class='ocrx_word' id='word_1_252' title='bbox 1019 1760 1052 1786; x_wconf 92' lang='lat' dir='ltr'>ut</span> <span class='ocrx_word' id='word_1_253' title='bbox 1082 1757 1209 1787; x_wconf 89' lang='lat' dir='ltr'>efficitur</span> <span class='ocrx_word' id='word_1_254' title='bbox 1241 1767 1278 1787; x_wconf 88' lang='lat' dir='ltr'>ex</span> <span class='ocrx_word' id='word_1_255' title='bbox 1299 1757 1385 1786; x_wconf 88' lang='lat' dir='ltr'>initio</span> <span class='ocrx_word' id='word_1_256' title='bbox 1407 1767 1432 1787; x_wconf 85' lang='lat' dir='ltr'>c.</span> <span class='ocrx_word' id='word_1_257' title='bbox 1454 1758 1507 1788; x_wconf 83' lang='lat'>76:</span> 
     </span>
     <span class='ocr_line' id='line_1_33' title="bbox 216 1802 1507 1841; baseline -0.002 -10"><span class='ocrx_word' id='word_1_258' title='bbox 216 1803 420 1840; x_wconf 53' lang='grc' dir='ltr'><strong><em>ῃΚλεομένεϊ</em></strong></span> <span class='ocrx_word' id='word_1_259' title='bbox 447 1803 507 1840; x_wconf 82' lang='grc' dir='ltr'>γὰρ</span> <span class='ocrx_word' id='word_1_260' title='bbox 533 1804 758 1840; x_wconf 83' lang='grc' dir='ltr'><strong><em>μαντευομένῳ</em></strong></span> <span class='ocrx_word' id='word_1_261' title='bbox 785 1804 819 1830; x_wconf 84' lang='grc' dir='ltr'>ἐν</span> <span class='ocrx_word' id='word_1_262' title='bbox 849 1803 1002 1841; x_wconf 79' lang='grc' dir='ltr'><strong><em>Δελφοῖσι</em></strong></span> <span class='ocrx_word' id='word_1_263' title='bbox 1035 1802 1178 1841; x_wconf 81' lang='grc' dir='ltr'><strong><em>ἐχρήσθη</em></strong></span> <span class='ocrx_word' id='word_1_264' title='bbox 1206 1802 1316 1840; x_wconf 80' lang='grc' dir='ltr'><strong><em>Ἄργος</em></strong></span> <span class='ocrx_word' id='word_1_265' title='bbox 1337 1802 1507 1840; x_wconf 78' lang='grc' dir='ltr'><strong><em>αἱρήσειν.“</em></strong></span> 
     </span>
     <span class='ocr_line' id='line_1_34' title="bbox 215 1845 1509 1883; baseline -0.002 -9"><span class='ocrx_word' id='word_1_266' title='bbox 215 1845 387 1880; x_wconf 82' lang='lat' dir='ltr'>oraculum,</span> <span class='ocrx_word' id='word_1_267' title='bbox 410 1845 435 1873; x_wconf 85' lang='lat' dir='ltr'>si</span> <span class='ocrx_word' id='word_1_268' title='bbox 455 1855 488 1874; x_wconf 89' lang='lat' dir='ltr'>re</span> <span class='ocrx_word' id='word_1_269' title='bbox 509 1854 581 1873; x_wconf 90' lang='lat' dir='ltr'>vera</span> <span class='ocrx_word' id='word_1_270' title='bbox 602 1848 632 1874; x_wconf 89' lang='lat' dir='ltr'>et</span> <span class='ocrx_word' id='word_1_271' title='bbox 653 1845 759 1874; x_wconf 85' lang='lat' dir='ltr'>urbem</span> <span class='ocrx_word' id='word_1_272' title='bbox 780 1849 809 1874; x_wconf 86' lang='lat' dir='ltr'>et</span> <span class='ocrx_word' id='word_1_273' title='bbox 830 1845 953 1874; x_wconf 88' lang='lat' dir='ltr'>heroem</span> <span class='ocrx_word' id='word_1_274' title='bbox 974 1846 1161 1883; x_wconf 79' lang='lat' dir='ltr'>designabat,</span> <span class='ocrx_word' id='word_1_275' title='bbox 1183 1845 1258 1875; x_wconf 87' lang='lat' dir='ltr'>fuit:</span> <span class='ocrx_word' id='word_1_276' title='bbox 1289 1845 1425 1883; x_wconf 73' lang='lat' dir='ltr'>„&#39;‘A9yog</span> <span class='ocrx_word' id='word_1_277' title='bbox 1447 1846 1509 1872; x_wconf 79' lang='grc' dir='ltr'>ὑπὸ</span> 
     </span>
     <span class='ocr_line' id='line_1_35' title="bbox 216 1888 1510 1928; baseline -0.001 -11"><span class='ocrx_word' id='word_1_278' title='bbox 216 1891 268 1917; x_wconf 81' lang='grc' dir='ltr'>σέο</span> <span class='ocrx_word' id='word_1_279' title='bbox 290 1889 514 1928; x_wconf 76' lang='grc' dir='ltr'><strong><em>αὶρεθὴσεται“</em></strong></span> <span class='ocrx_word' id='word_1_280' title='bbox 539 1889 587 1917; x_wconf 93' lang='lat' dir='ltr'>vel</span> <span class='ocrx_word' id='word_1_281' title='bbox 611 1889 707 1917; x_wconf 91' lang='lat' dir='ltr'>simile</span> <span class='ocrx_word' id='word_1_282' title='bbox 723 1889 844 1926; x_wconf 84' lang='lat' dir='ltr'>aliquid.</span> <span class='ocrx_word' id='word_1_283' title='bbox 866 1889 987 1926; x_wconf 87' lang='lat' dir='ltr'>Forma,</span> <span class='ocrx_word' id='word_1_284' title='bbox 1009 1898 1098 1927; x_wconf 86' lang='lat' dir='ltr'>quam</span> <span class='ocrx_word' id='word_1_285' title='bbox 1119 1889 1245 1926; x_wconf 86' lang='lat' dir='ltr'>praebet</span> <span class='ocrx_word' id='word_1_286' title='bbox 1258 1888 1434 1918; x_wconf 88' lang='lat' dir='ltr'>Herodotus</span> <span class='ocrx_word' id='word_1_287' title='bbox 1449 1897 1510 1916; x_wconf 86' lang='lat' dir='ltr'>am-</span> 
     </span>
     <span class='ocr_line' id='line_1_36' title="bbox 216 1933 464 1971; baseline 0.004 -10"><span class='ocrx_word' id='word_1_288' title='bbox 216 1933 308 1971; x_wconf 84' lang='lat' dir='ltr'>bigua</span> <span class='ocrx_word' id='word_1_289' title='bbox 329 1943 388 1962; x_wconf 89' lang='lat' dir='ltr'>non</span> <span class='ocrx_word' id='word_1_290' title='bbox 411 1936 464 1962; x_wconf 85' lang='lat' dir='ltr'>est.</span> 
     </span>
    </p>

    <p class='ocr_par' dir='ltr' id='par_1_7' title="bbox 216 1977 1509 2059">
     <span class='ocr_line' id='line_1_37' title="bbox 317 1977 1509 2015; baseline -0.001 -9"><span class='ocrx_word' id='word_1_291' title='bbox 317 1978 342 2015; x_wconf 85' lang='lat'>2)</span> <span class='ocrx_word' id='word_1_292' title='bbox 364 1978 472 2006; x_wconf 87' lang='lat' dir='ltr'>Busolt</span> <span class='ocrx_word' id='word_1_293' title='bbox 493 1977 547 2006; x_wconf 75' lang='lat'>112</span> <span class='ocrx_word' id='word_1_294' title='bbox 571 1988 600 2015; x_wconf 90' lang='lat' dir='ltr'>p.</span> <span class='ocrx_word' id='word_1_295' title='bbox 622 1979 680 2007; x_wconf 80' lang='lat'>564</span> <span class='ocrx_word' id='word_1_296' title='bbox 701 1978 781 2006; x_wconf 92' lang='lat' dir='ltr'>bono</span> <span class='ocrx_word' id='word_1_297' title='bbox 802 1978 867 2006; x_wconf 81' lang='lat' dir='ltr'>iure</span> <span class='ocrx_word' id='word_1_298' title='bbox 882 1980 982 2015; x_wconf 86' lang='lat' dir='ltr'>negat,</span> <span class='ocrx_word' id='word_1_299' title='bbox 1003 1978 1155 2007; x_wconf 89' lang='lat' dir='ltr'>Herodoti</span> <span class='ocrx_word' id='word_1_300' title='bbox 1178 1977 1364 2014; x_wconf 84' lang='lat' dir='ltr'>temporibus</span> <span class='ocrx_word' id='word_1_301' title='bbox 1378 1977 1438 2005; x_wconf 84' lang='lat' dir='ltr'>iam</span> <span class='ocrx_word' id='word_1_302' title='bbox 1459 1986 1509 2005; x_wconf 86' lang='lat' dir='ltr'>ex-</span> 
     </span>
     <span class='ocr_line' id='line_1_38' title="bbox 216 2021 1107 2059; baseline 0.002 -10"><span class='ocrx_word' id='word_1_303' title='bbox 216 2022 329 2050; x_wconf 86' lang='lat' dir='ltr'>stitisse</span> <span class='ocrx_word' id='word_1_304' title='bbox 350 2021 483 2050; x_wconf 85' lang='lat' dir='ltr'>fabulam</span> <span class='ocrx_word' id='word_1_305' title='bbox 505 2022 542 2050; x_wconf 89' lang='lat' dir='ltr'>de</span> <span class='ocrx_word' id='word_1_306' title='bbox 564 2022 708 2050; x_wconf 83' lang='lat' dir='ltr'>Telesilla</span> <span class='ocrx_word' id='word_1_307' title='bbox 728 2021 914 2059; x_wconf 86' lang='lat' dir='ltr'>Argivorum</span> <span class='ocrx_word' id='word_1_308' title='bbox 936 2022 1107 2052; x_wconf 85' lang='lat' dir='ltr'>servatrice.</span> 
     </span>
    </p>

    <p class='ocr_par' dir='ltr' id='par_1_8' title="bbox 216 2065 1509 2280">
     <span class='ocr_line' id='line_1_39' title="bbox 314 2065 1509 2103; baseline -0.002 -8"><span class='ocrx_word' id='word_1_309' title='bbox 314 2065 338 2103; x_wconf 85' lang='lat'>3)</span> <span class='ocrx_word' id='word_1_310' title='bbox 360 2066 459 2095; x_wconf 83' lang='lat' dir='ltr'>Multa</span> <span class='ocrx_word' id='word_1_311' title='bbox 490 2067 549 2095; x_wconf 85' lang='lat' dir='ltr'>iam</span> <span class='ocrx_word' id='word_1_312' title='bbox 581 2066 662 2095; x_wconf 84' lang='lat' dir='ltr'>facta</span> <span class='ocrx_word' id='word_1_313' title='bbox 684 2069 754 2095; x_wconf 88' lang='lat' dir='ltr'>sunt</span> <span class='ocrx_word' id='word_1_314' title='bbox 775 2066 868 2095; x_wconf 89' lang='lat' dir='ltr'>verba</span> <span class='ocrx_word' id='word_1_315' title='bbox 895 2066 932 2095; x_wconf 88' lang='lat' dir='ltr'>de</span> <span class='ocrx_word' id='word_1_316' title='bbox 963 2067 1020 2095; x_wconf 91' lang='lat' dir='ltr'>hoc</span> <span class='ocrx_word' id='word_1_317' title='bbox 1041 2066 1192 2096; x_wconf 89' lang='lat' dir='ltr'>Herodoti</span> <span class='ocrx_word' id='word_1_318' title='bbox 1213 2066 1311 2095; x_wconf 85' lang='lat' dir='ltr'>fonte:</span> <span class='ocrx_word' id='word_1_319' title='bbox 1347 2065 1385 2095; x_wconf 89' lang='lat' dir='ltr'>A.</span> <span class='ocrx_word' id='word_1_320' title='bbox 1407 2065 1509 2095; x_wconf 66' lang='lat' dir='ltr'>Schiill</span> 
     </span>
     <span class='ocr_line' id='line_1_40' title="bbox 216 2110 1508 2148; baseline 0 -10"><span class='ocrx_word' id='word_1_321' title='bbox 216 2110 402 2147; x_wconf 82' lang='lat' dir='ltr'>(„Herodots</span> <span class='ocrx_word' id='word_1_322' title='bbox 424 2111 639 2148; x_wconf 87' lang='lat' dir='ltr'>Entwicklung</span> <span class='ocrx_word' id='word_1_323' title='bbox 661 2121 698 2139; x_wconf 89' lang='lat' dir='ltr'>zu</span> <span class='ocrx_word' id='word_1_324' title='bbox 713 2111 827 2139; x_wconf 88' lang='lat' dir='ltr'>seinem</span> <span class='ocrx_word' id='word_1_325' title='bbox 849 2110 966 2139; x_wconf 82' lang='lat' dir='ltr'>Beruf.“</span> <span class='ocrx_word' id='word_1_326' title='bbox 988 2110 1164 2148; x_wconf 85' lang='lat' dir='ltr'>Philologus</span> <span class='ocrx_word' id='word_1_327' title='bbox 1186 2110 1216 2139; x_wconf 89' lang='lat' dir='ltr'>X</span> <span class='ocrx_word' id='word_1_328' title='bbox 1239 2111 1315 2140; x_wconf 83' lang='lat'>1855</span> <span class='ocrx_word' id='word_1_329' title='bbox 1336 2120 1364 2147; x_wconf 90' lang='lat' dir='ltr'>p.</span> <span class='ocrx_word' id='word_1_330' title='bbox 1387 2110 1426 2139; x_wconf 79' lang='lat'>24</span> <span class='ocrx_word' id='word_1_331' title='bbox 1448 2110 1508 2147; x_wconf 87' lang='lat' dir='ltr'>sq.)</span> 
     </span>
     <span class='ocr_line' id='line_1_41' title="bbox 216 2153 1508 2192; baseline -0.002 -9"><span class='ocrx_word' id='word_1_332' title='bbox 216 2157 247 2183; x_wconf 90' lang='lat' dir='ltr'>et</span> <span class='ocrx_word' id='word_1_333' title='bbox 266 2154 439 2192; x_wconf 87' lang='lat' dir='ltr'>Schubring</span> <span class='ocrx_word' id='word_1_334' title='bbox 461 2156 503 2192; x_wconf 89' lang='grc' dir='ltr'>(Ρ.</span> <span class='ocrx_word' id='word_1_335' title='bbox 525 2156 564 2185; x_wconf 84' lang='grc'>54</span> <span class='ocrx_word' id='word_1_336' title='bbox 585 2156 641 2192; x_wconf 89' lang='lat' dir='ltr'>sq.)</span> <span class='ocrx_word' id='word_1_337' title='bbox 663 2164 758 2192; x_wconf 91' lang='lat' dir='ltr'>paene</span> <span class='ocrx_word' id='word_1_338' title='bbox 773 2154 884 2189; x_wconf 84' lang='lat' dir='ltr'>omnia,</span> <span class='ocrx_word' id='word_1_339' title='bbox 905 2164 981 2191; x_wconf 88' lang='lat' dir='ltr'>quae</span> <span class='ocrx_word' id='word_1_340' title='bbox 1002 2157 1106 2183; x_wconf 87' lang='lat' dir='ltr'>narrat</span> <span class='ocrx_word' id='word_1_341' title='bbox 1120 2154 1296 2184; x_wconf 89' lang='lat' dir='ltr'>Herodotus</span> <span class='ocrx_word' id='word_1_342' title='bbox 1311 2154 1349 2183; x_wconf 90' lang='lat' dir='ltr'>de</span> <span class='ocrx_word' id='word_1_343' title='bbox 1370 2153 1508 2190; x_wconf 86' lang='lat' dir='ltr'>oraculis,</span> 
     </span>
     <span class='ocr_line' id='line_1_42' title="bbox 216 2197 1509 2236; baseline -0.001 -10"><span class='ocrx_word' id='word_1_344' title='bbox 216 2199 243 2226; x_wconf 91' lang='lat' dir='ltr'>ei</span> <span class='ocrx_word' id='word_1_345' title='bbox 265 2199 480 2226; x_wconf 89' lang='lat' dir='ltr'>attribuebant</span> <span class='ocrx_word' id='word_1_346' title='bbox 503 2198 639 2235; x_wconf 89' lang='lat' dir='ltr'>Optimis</span> <span class='ocrx_word' id='word_1_347' title='bbox 653 2199 838 2236; x_wconf 82' lang='lat' dir='ltr'>argumentis</span> <span class='ocrx_word' id='word_1_348' title='bbox 860 2207 963 2226; x_wconf 82' lang='lat' dir='ltr'>eorum</span> <span class='ocrx_word' id='word_1_349' title='bbox 986 2199 1133 2227; x_wconf 82' lang='lat' dir='ltr'>sententia</span> <span class='ocrx_word' id='word_1_350' title='bbox 1147 2199 1236 2227; x_wconf 88' lang='lat' dir='ltr'>nimis</span> <span class='ocrx_word' id='word_1_351' title='bbox 1258 2198 1358 2226; x_wconf 85' lang='lat' dir='ltr'>audax</span> <span class='ocrx_word' id='word_1_352' title='bbox 1378 2197 1509 2226; x_wconf 81' lang='lat' dir='ltr'>refutata</span> 
     </span>
     <span class='ocr_line' id='line_1_43' title="bbox 216 2242 763 2280; baseline 0.002 -10"><span class='ocrx_word' id='word_1_353' title='bbox 216 2245 261 2270; x_wconf 88' lang='lat' dir='ltr'>est</span> <span class='ocrx_word' id='word_1_354' title='bbox 281 2242 342 2270; x_wconf 88' lang='lat' dir='ltr'>iam</span> <span class='ocrx_word' id='word_1_355' title='bbox 364 2252 381 2270; x_wconf 92' lang='lat' dir='ltr'>a</span> <span class='ocrx_word' id='word_1_356' title='bbox 401 2242 575 2271; x_wconf 87' lang='lat' dir='ltr'>Benedicto.</span> <span class='ocrx_word' id='word_1_357' title='bbox 598 2243 641 2280; x_wconf 89' lang='grc' dir='ltr'>(Ρ.</span> <span class='ocrx_word' id='word_1_358' title='bbox 664 2243 679 2273; x_wconf 86' lang='grc'><strong>1</strong></span> <span class='ocrx_word' id='word_1_359' title='bbox 704 2244 763 2279; x_wconf 76' lang='lat' dir='ltr'>sq.)</span> 
     </span>
    </p>

    <p class='ocr_par' dir='ltr' id='par_1_9' title="bbox 217 2285 1510 2367">
     <span class='ocr_line' id='line_1_44' title="bbox 314 2285 1510 2323; baseline 0 -9"><span class='ocrx_word' id='word_1_360' title='bbox 314 2286 429 2314; x_wconf 87' lang='lat' dir='ltr'>Tamen</span> <span class='ocrx_word' id='word_1_361' title='bbox 458 2286 532 2314; x_wconf 91' lang='lat' dir='ltr'>mihi</span> <span class='ocrx_word' id='word_1_362' title='bbox 559 2296 736 2323; x_wconf 86' lang='lat' dir='ltr'>persuasum</span> <span class='ocrx_word' id='word_1_363' title='bbox 758 2289 813 2323; x_wconf 81' lang='lat' dir='ltr'>est,</span> <span class='ocrx_word' id='word_1_364' title='bbox 835 2287 986 2316; x_wconf 82' lang='lat' dir='ltr'>exstitisse</span> <span class='ocrx_word' id='word_1_365' title='bbox 1011 2287 1086 2315; x_wconf 88' lang='lat' dir='ltr'>tales</span> <span class='ocrx_word' id='word_1_366' title='bbox 1108 2286 1300 2315; x_wconf 84' lang='lat' dir='ltr'>collectiones</span> <span class='ocrx_word' id='word_1_367' title='bbox 1322 2285 1510 2314; x_wconf 87' lang='lat' dir='ltr'>oraculorum</span> 
     </span>
     <span class='ocr_line' id='line_1_45' title="bbox 217 2329 1510 2367; baseline -0.001 -9"><span class='ocrx_word' id='word_1_368' title='bbox 217 2331 295 2359; x_wconf 89' lang='lat' dir='ltr'>inter</span> <span class='ocrx_word' id='word_1_369' title='bbox 316 2340 347 2359; x_wconf 91' lang='lat' dir='ltr'>se</span> <span class='ocrx_word' id='word_1_370' title='bbox 361 2330 533 2358; x_wconf 84' lang='lat' dir='ltr'>iunctorum</span> <span class='ocrx_word' id='word_1_371' title='bbox 554 2340 613 2358; x_wconf 91' lang='lat' dir='ltr'>non</span> <span class='ocrx_word' id='word_1_372' title='bbox 633 2331 754 2359; x_wconf 90' lang='lat' dir='ltr'>Bacidis</span> <span class='ocrx_word' id='word_1_373' title='bbox 775 2331 867 2359; x_wconf 90' lang='lat' dir='ltr'>modo</span> <span class='ocrx_word' id='word_1_374' title='bbox 888 2333 919 2359; x_wconf 88' lang='lat' dir='ltr'>et</span> <span class='ocrx_word' id='word_1_375' title='bbox 933 2330 1053 2360; x_wconf 85' lang='lat' dir='ltr'>Musaei</span> <span class='ocrx_word' id='word_1_376' title='bbox 1075 2331 1127 2359; x_wconf 87' lang='lat' dir='ltr'>sed</span> <span class='ocrx_word' id='word_1_377' title='bbox 1149 2330 1240 2359; x_wconf 88' lang='lat' dir='ltr'>etiam</span> <span class='ocrx_word' id='word_1_378' title='bbox 1255 2329 1414 2367; x_wconf 90' lang='lat' dir='ltr'>Apollinis.</span> <span class='ocrx_word' id='word_1_379' title='bbox 1441 2329 1510 2358; x_wconf 87' lang='lat' dir='ltr'>Non</span> 
     </span>
    </p>
   </div>
  </div>
 </body>
</html>
