1770 2769
730 120 973 154 —52—

199 239 324 261 versus
364 227 508 261 fluxisse
549 227 798 271 affirmaverat,
839 227 1000 271 scripsit:
1044 227 1142 268 „Fac
1168 226 1396 261 Herodotum
1429 227 1494 262 tali

197 279 290 315 libro
317 292 420 315 usum
448 291 544 324 essex,
572 280 762 325 quomodo,
790 280 885 326 quod
911 281 948 315 in
974 292 1016 315 eo
1044 280 1235 316 coniuncta
1261 284 1374 326 erant,
1411 292 1493 316 con-

201 334 311 378 ligere
338 334 458 379 potuit
484 334 632 369 oracula
658 335 765 369 etiam
786 334 1001 369 coniunctim
1028 334 1125 368 edita
1143 346 1233 377 esse,
1261 338 1298 369 et
1315 333 1493 379 quomodo

198 388 315 432 potuit
341 387 474 422 addere
501 387 670 433 Pythiam
698 399 741 422 ea
767 387 852 422 solis
869 386 1013 432 Argivis
1030 386 1256 423 Milesiorum
1274 387 1373 423 nullo
1391 399 1494 434 prae-

199 445 299 476 sente
340 441 515 477 dedisse.“
569 440 623 477 At
660 442 696 476 in
735 441 926 487 propatulo
962 445 1026 484 est,
1061 440 1250 476 Herodoto
1277 441 1421 477 licuisse
1448 442 1492 476 de

198 496 375 529 communi
402 496 538 540 origine
566 495 792 529 oraculorum
819 495 987 538 cogitare,
1015 505 1107 539 quae
1135 494 1252 529 verbis
1281 494 1363 536 „nal
1387 493 1488 529 τότε“

197 548 292 583 inter
319 560 356 583 se
384 552 462 583 arte
490 549 681 583 coniuncta
708 552 819 583 erant.
863 548 995 591 Etiam,
1023 559 1087 583 cur
1112 546 1290 593 Argivis
1316 560 1491 593 quaeren-

197 602 303 646 tibus,
343 614 414 637 non
456 602 620 641 Milesiis,
661 602 844 637 oraculum
879 601 1001 637 datum
1029 614 1106 637 esse
1134 602 1275 647 dixerit,
1302 601 1406 637 facile
1434 614 1492 637 ex-

197 656 324 701 plicari
350 660 481 702 potest.
509 656 672 692 Milesios
700 660 736 692 et
754 656 910 703 Argivos
936 656 1171 691 communiter
1187 654 1394 702 Apollinem
1419 668 1491 691 non

198 710 419 745 consultasse
447 711 585 745 sciebat
610 715 650 745 ut
676 712 780 745 homo
808 711 957 745 rationis
992 711 1184 755 particeps,
1225 710 1361 745 sciebat
1387 710 1491 744 Mile-

198 764 331 798 siorum
366 764 551 799 oraculum
584 776 656 798 non
682 764 898 809 Delphicum
935 764 997 799 sed
1035 764 1275 809 Didymaeum
1308 763 1415 798 fuisse
1452 767 1492 798 ut

198 818 251 852 vir
277 817 449 853 historiae
476 818 624 863 peritus.

295 881 356 915 Ita
383 880 553 916 Schoellii
580 881 757 916 sententia
784 881 841 916 hic
867 880 1024 916 tenenda
1059 892 1136 915 esse
1170 880 1321 917 videtur.
1373 880 1490 915 Hero-

198 934 305 969 dotus
332 947 370 970 re
396 947 483 970 vera
509 936 576 970 1100
603 936 681 970 1000
709 936 866 970 carmine
894 934 1173 979 chresmologico
1207 946 1292 970 usus
1322 938 1386 977 est,
1423 938 1489 980 sat,

197 993 237 1023 ut
264 989 332 1023 hoc
359 990 500 1032 addam,
528 990 687 1034 antiquo,
714 1001 796 1023 nam
822 993 904 1034 post
930 989 1063 1023 bellum
1081 988 1267 1033 Persicum
1295 988 1490 1023 secundum

196 1042 254 1077 vix
297 1047 397 1078 vates
426 1042 590 1079 Graecus
624 1055 733 1079 ausus
768 1046 872 1088 esset,
914 1054 1059 1078 oausam
1084 1041 1279 1078 Persarum
1306 1043 1488 1087 suscipere

197 1097 384 1142 appellans
411 1098 577 1132 Miletum
608 1102 745 1140 μακών
771 1095 964 1143 ἐπιμήχανε
989 1095 1137 1142 ἐτ’ργιυν.“

296 1160 434 1206 Argivi,
462 1165 502 1195 ut
528 1161 594 1196 hoc
621 1161 699 1196 loco
725 1164 872 1206 tangam
899 1160 992 1195 hanc
1018 1171 1103 1206 rem,
1129 1159 1318 1195 Herodoto
1346 1159 1390 1194 de
1418 1160 1489 1194 vio-

195 1215 328 1250 latione
356 1215 439 1259 luci,
466 1215 527 1260 qui
553 1214 654 1261 Argo
683 1227 783 1250 sacer
810 1219 897 1261 erat,
923 1214 1121 1249 narrabant
1147 1213 1218 1260 (VI
1247 1214 1319 1259 75.)
1358 1214 1488 1259 Itaque

196 1269 387 1303 verisimile
416 1273 480 1312 est,
521 1280 581 1303 eos
621 1269 728 1303 etiam
765 1272 878 1303 testes
917 1268 1026 1302 fuisse
1060 1267 1196 1302 oraculi
1223 1266 1268 1314 (0.
1290 1267 1363 1313 76),
1391 1266 1487 1312 quod

196 1334 276 1357 oum
303 1322 371 1357 hoc
398 1322 600 1358 Cleomenis
626 1322 785 1358 facinore
812 1322 994 1359 cohaeret.

723 1839 891 1875 CAPUT
918 1840 969 1874 X.

537 1933 615 1976 De
646 1932 866 1986 Lycurgi
898 1933 1131 1976 oraculo.

290 2041 472 2076 Herodoti
516 2041 739 2086 temporibus
779 2041 937 2088 vulgaris
975 2041 1037 2076 illa
1080 2042 1309 2086 antiquorum
1353 2042 1484 2086 opinio,

193 2107 285 2140 quae
314 2100 402 2138 erat,
431 2095 476 2129 ab
504 2095 675 2140 Apolline
705 2095 882 2140 Delphico
911 2095 1054 2130 doctum
1081 2095 1178 2141 leges
1204 2095 1329 2130 tulisse
1349 2095 1484 2140 Lycur-

193 2161 286 2195 gum,
307 2148 459 2194 Spartae
486 2149 644 2184 nondum
671 2154 757 2184 nota
786 2153 873 2184 erat.
927 2149 1148 2184 Luculenter
1173 2150 1250 2194 ipse
1277 2149 1364 2184 dicit
1382 2150 1401 2184 Ι
1421 2151 1485 2184 65:

191 2202 250 2241 „ol
276 2203 342 2246 μὲν
368 2201 413 2250 δή
438 2215 534 2242 τινες
561 2201 654 2250 πρὸς
679 2201 842 2238 τούτοισι
870 2202 1012 2248 λέγουσι
1040 2204 1099 2238 καὶ
1126 2201 1265 2250 φράσαι
1297 2200 1397 2248 αὐτῷ
1421 2201 1487 2247 τῆν

193 2257 344 2303 Πυθίην
370 2254 431 2292 τόν
458 2257 518 2291 νῦν
544 2257 766 2292 κατεστεῶτα
791 2254 925 2301 κόσμον
950 2255 1201 2305 Σπαρτιήτῃσι
1219 2267 1226 2275 ·
1260 2254 1309 2296 ὠς
1344 2254 1485 2293 δἀὕτοὶ

190 2308 479 2354 Λακεδαιμόνιοι
499 2310 655 2356 λέγουσι,
676 2311 890 2358 Λυκοῦργον
906 2338 912 2345 .
932 2342 936 2346 .
956 2338 962 2345 .
980 2340 987 2347 .
1005 2342 1011 2348 .
1035 2339 1041 2346 .
1061 2311 1099 2347 ἑκ
1118 2309 1264 2359 Κρήτης
1281 2309 1483 2357 ἀγαγέσθαι
