1770 2769
719 107 961 143 -34-

186 218 252 249 est.
296 213 426 248 Additi
453 216 536 249 suut
562 212 607 248 ab
626 211 769 249 homine
788 224 913 260 parum
933 212 1090 251 credulo.
1134 211 1340 250 Genuinam
1358 225 1485 250 narra-

188 270 323 305 tionem
359 281 420 305 eos
455 280 526 304 non
562 267 773 314 praebuisse
808 268 960 304 efficitur
994 281 1037 304 ex
1080 281 1133 313 eo,
1173 269 1269 313 quod
1308 269 1485 314 propheta

191 324 288 358 solus
314 323 521 367 prodigiosa
548 333 648 356 arma
679 322 742 356 illa
769 326 871 357 extra
898 322 1023 357 aedem
1056 322 1212 356 iacentia
1243 321 1340 357 videt
1372 322 1483 368 quod-

189 389 259 423 que
295 389 315 412 a
354 375 518 412 barbaris
558 374 824 421 superstitibus,
865 388 936 411 non
970 389 992 411 a
1026 376 1191 421 Delphis,
1231 380 1401 411 narratur
1440 376 1485 411 de

189 431 359 466 heroibus
386 429 690 465 succurrentibus.
734 428 877 465 Auctor
894 430 1111 465 narrationis
1129 428 1363 465 Herodoteae
1381 434 1484 474 puta-

191 485 254 519 bat
285 483 426 518 facilius
459 482 557 517 credi
592 494 696 527 posse
738 482 909 527 fabulam,
945 484 974 518 si
1001 495 1087 518 ‘non
1126 482 1348 518 sacerdotem
1386 483 1486 518 illum

191 538 307 573 solum
335 537 398 572 sed
422 548 569 581 parvam
601 536 708 570 etiam
732 535 959 581 Delphorum
982 549 1126 572 manum
1152 537 1365 572 remansisse
1403 548 1484 571 nar-

193 595 301 635 raret,
343 591 443 635 sique
482 601 555 624 non
594 590 745 624 ostentis
783 593 925 624 tantum
961 591 1023 625 sed
1059 591 1166 625 etiam
1204 590 1249 624 ab
1284 590 1486 624 hominibus

192 644 367 680 barbaros
395 643 518 689 pulsos
545 654 622 677 esse
649 642 854 688 affirmaret,
889 655 1005 689 neque
1041 643 1173 679 oblitus
1200 647 1254 679 est
1280 643 1485 689 adiungere,

193 697 406 744 prophetam
433 697 508 732 sine
535 708 636 732 mora
663 697 849 743 sexaginta
875 697 945 733 illis
978 697 1224 734 defensoribus
1251 697 1294 733 de
1325 697 1487 743 prodigio

192 753 406 787 narravisse.
458 751 657 796 Hucusque
692 751 874 786 Herodoti
905 756 1033 787 auctor
1066 753 1137 787 iam
1176 752 1374 787 faciliorem
1409 751 1488 786 red-

193 806 286 841 didit
312 805 430 840 fidem.

291 860 412 895 Homo
439 864 513 894 tam
540 859 707 894 credulus
722 859 901 904 Ephorus,
929 859 1083 894 Diodori
1104 860 1180 906 (XI
1202 862 1274 905 14.)
1294 864 1330 894 et
1350 859 1378 894 J
1380 859 1488 894 ustini

193 914 250 960 (II
280 914 352 959 12.)
384 918 520 956 auctor,
556 925 627 947 non
656 919 747 947 erat:
782 913 915 947 omittit
949 924 1049 947 arma
1075 913 1195 947 divina
1230 918 1265 948 et
1298 913 1489 948 clamorem

192 967 437 1014 prodigiosum
464 970 500 1002 et
525 966 652 1002 heroes
679 970 935 1012 persequentes
962 966 1153 1012 barbaros,
1179 971 1374 1012 tempestas
1393 966 1489 1012 apud

193 1034 273 1056 eum
293 1022 450 1056 omnium
467 1032 576 1055 causa
596 1024 659 1056 est.
667 1019 693 1066 1)
740 1019 835 1055 Sane
853 1020 958 1054 affert
976 1023 1115 1063 testem,
1135 1022 1196 1065 qui
1212 1032 1278 1065 pro
1298 1032 1363 1055 sua
1381 1021 1489 1055 etiam

194 1079 298 1121 parte
333 1079 474 1110 amovet
505 1074 683 1109 mirabilia
718 1073 790 1108 alia
824 1078 944 1109 tamen
982 1074 1054 1109 via:
1098 1073 1155 1117 „ol
1191 1073 1229 1111 δὲ
1258 1075 1400 1123 Δελφοὶ
1426 1074 1490 1122 τῆς

195 1130 268 1166 τῶν
306 1129 403 1167 θεῶν
439 1128 655 1176 ἐπιφανείας
691 1126 874 1166 ἀθάνατον
917 1126 1115 1175 ὑπόμνημα
1157 1130 1370 1165 καταλιπεῖν
1412 1132 1490 1168 τοῖς

195 1182 511 1231 μεταγενεστέροις
553 1181 766 1228 βουλόμενοι
810 1181 986 1230 τρόπαιον
1027 1182 1179 1230 ε”στησαν
1218 1181 1318 1231 παρὰ
1350 1181 1391 1218 τὸ
1426 1183 1490 1229 τῆς

198 1238 376 1286 προναία,Ι
414 1236 571 1284 Ἀθηνᾶς
609 1235 716 1285 ἱερόν,
753 1237 791 1273 ἐν
826 1232 855 1284 ᾦ
891 1235 974 1274 τόδε
1011 1235 1051 1272 τό
1088 1236 1243 1283 ἐλεγεῖον
1273 1236 1489 1285 ἐνέγραψαν·

294 1295 416 1341 μνᾶμα
457 1294 711 1344 1τὀἷλεξοὲνδρου
754 1296 917 1340 πολέμου
959 1298 1017 1332 καὶ
1060 1295 1225 1343 μάρτυρα
1250 1297 1350 1335 νίκας

296 1351 439 1396 Δελφοί
474 1363 520 1394 με
546 1350 689 1391 στᾶσαν,
717 1351 807 1386 Ζανὶ
834 1348 1063 1397 χαριζόμενοι

295 1402 359 1440 σὺν
393 1404 517 1449 Φοίβῳ
550 1404 808 1452 πτολίπορθον
836 1402 1069 1449 ἀπωσάμενοι
1102 1403 1208 1447 στίχα
1239 1401 1382 1451 Μήδων

295 1459 353 1494 καὶ
381 1457 667 1506 χαλκοστὲφανον
693 1456 886 1506 ῥυσάμενοι
915 1458 1092 1503 τέμενος.“
1392 1485 1434 1500 ,χ

296 1518 439 1552 Titulus
466 1517 523 1551 hic
550 1517 752 1562 Delphicus
779 1517 882 1552 nobis
909 1529 981 1552 non
1008 1517 1151 1552 maioris
1185 1517 1292 1562 pretii
1328 1520 1382 1551 est
1413 1528 1491 1551 meo

196 1571 342 1618 quidem
368 1571 498 1606 iudicio
526 1571 573 1606 ad
599 1583 657 1606 res
684 1575 804 1617 gestas
832 1571 1100 1617 perspiciendas
1136 1583 1242 1616 quam
1276 1571 1405 1606 tumuli
1440 1570 1493 1605 illi

197 1626 432 1661 Plataeenses
472 1624 611 1660 ossibus
652 1626 762 1666 vacui,
804 1626 938 1670 structi,
974 1630 1014 1660 ut
1044 1626 1291 1670 posteritatem
1327 1625 1494 1659 fallerent

197 1680 277 1726 (IX
296 1679 370 1726 85).
423 1678 585 1714 Pomtow
612 1679 661 1725 (p.
682 1680 767 1725 241)
795 1683 830 1715 et
856 1678 985 1714 Busolt
1012 1678 1090 1726 (ΙΙ2
1116 1692 1150 1725 p.
1180 1681 1250 1715 690
1276 1691 1358 1714 ann.
1389 1681 1423 1723 1)
1450 1690 1492 1714 eo

198 1734 245 1769 ad
272 1746 371 1769 suam
401 1733 615 1768 sententiam
641 1733 813 1768 tuendam
839 1734 892 1768 uti
918 1734 1009 1768 iuste
1036 1733 1174 1779 nolunt,
1198 1734 1294 1778 quod
1313 1733 1493 1768 Herodoti

197 1787 421 1832 temporibus
447 1791 634 1832 tropaeum
662 1786 751 1821 illud
778 1787 921 1822 omnino
947 1786 1107 1821 nondum
1134 1787 1313 1822 exstitisse
1340 1786 1491 1824 videtur.

200 1841 366 1887 Scriptor
394 1841 498 1885 enim,
526 1841 586 1886 qui
613 1844 668 1876 tot
694 1845 924 1876 monumenta
951 1853 993 1876 ac
1030 1842 1288 1887 epigrammata
1321 1841 1492 1885 laudavit,

201 1897 259 1931 vix
283 1896 456 1931 tacuisset
484 1895 526 1929 de
554 1899 704 1940 tropaeo
732 1899 867 1930 statuto
904 1896 939 1929 in
974 1896 1181 1930 memoriam
1216 1896 1384 1930 victoriae
1419 1899 1494 1931 tam

200 1951 342 1996 copiose
375 1950 420 1984 ab
451 1950 529 1994 ipso
565 1950 779 1994 celebratae,
815 1961 894 1984 cum
929 1948 1055 1985 Croesi
1090 1949 1242 1995 clipeum
1277 1953 1312 1984 et
1345 1962 1493 1996 magnos

300 2045 325 2077 l)
350 2066 373 2078 „.
398 2066 403 2071 .
427 2065 433 2071 .
461 2043 633 2081 προῆλθον
662 2045 723 2081 μὲν
753 2045 849 2081 μέχρι
882 2047 934 2071 τοῦ
966 2047 1044 2071 ναοῦ
1077 2047 1128 2080 τῆς
1159 2045 1313 2081 προναίας
1344 2043 1495 2080 Ἀθηνᾶς,

198 2088 338 2117 ἐνταῦθα
352 2088 383 2116 δὲ
399 2088 585 2126 παραδόξως
607 2089 736 2125 ὄμβρων
758 2098 788 2115 τε
809 2087 962 2124 μεγάλων
983 2088 1035 2115 καὶ
1058 2090 1221 2125 κεραυνῶν
1242 2087 1378 2115 πολλῶν
1392 2089 1426 2115 ἐκ
1442 2091 1495 2116 τοῦ

199 2135 400 2170 περιέχοντος
422 2133 590 2166 πεσόντων,
613 2133 692 2169 πρὸς
715 2131 747 2159 δὲ
775 2133 893 2167 τούτοις
920 2135 980 2159 τῶν
1010 2132 1177 2169 χειμώνων
1207 2133 1322 2169 πέτρας
1351 2131 1496 2170 μεγάλας

200 2177 449 2215 ἀπορρηξάντων
469 2177 515 2212 εἰς
541 2177 573 2204 τὸ
603 2175 813 2214 στρατόπεδον
842 2179 902 2203 τῶν
932 2177 1100 2214 βαρβάρων
1131 2177 1245 2213 συνέβη
1278 2175 1495 2214 διαφθαρῆναι

202 2222 338 2258 συχνοὺς
361 2224 421 2248 τῶν
442 2220 585 2258 Περσῶν,
609 2222 727 2256 πάντας
749 2220 782 2248 δὲ
805 2220 1062 2258 καταπληγέντας
1084 2222 1139 2257 τὴν
1160 2224 1220 2248 τῶν
1234 2220 1321 2248 θεῶν
1335 2222 1497 2258 ἐνέργειαν

202 2269 318 2303 φυγεῖν
339 2267 373 2292 ἐκ
397 2268 457 2292 τῶν
478 2266 611 2292 τόπων.“·’
652 2264 690 2293 cf.
713 2264 877 2292 Iustinum:
912 2285 936 2299 ‚..
960 2286 965 2292 .
988 2287 994 2293 .
1017 2273 1092 2300 quae
1118 2273 1225 2292 manus
1254 2266 1319 2292 tota
1350 2263 1496 2292 imbribus

204 2313 234 2336 et
255 2307 431 2336 fulminibus
453 2308 552 2336 deleta
573 2309 645 2336 est.“
