1770 2769
759 104 1000 137 -48-

230 212 329 243 vates
365 208 735 245 Lacedaemoniorum
775 211 970 246 acerrimus
1008 211 1173 247 inimicus
1197 212 1452 260 ·,,καταφευ’γει
1491 211 1527 254 ἐς

235 265 363 309 Τεγέην
385 260 511 296 ἐοῦσαν
529 258 591 297 οὐκ
609 258 769 310 ἀρθμίην
786 263 1100 308 Λακεδαιμονίοισι
1118 269 1240 300 τοῦτον
1257 265 1318 300 τὸν
1334 266 1468 312 χρόνον.
1475 272 1490 284 “
1503 268 1524 311 ¹)

228 316 363 351 Postea
381 327 445 350 rex
459 316 702 361 Leotychides
720 317 810 362 fugit
824 316 991 363 Tegeam,
1010 316 1071 352 ubi
1086 322 1248 354 mortuus
1267 323 1322 354 est
1335 319 1406 366 (VI
1423 318 1524 366 ῖ2)1)-

230 369 368 405 Contra
395 370 557 405 Xerxem
586 370 768 417 Tegeatae
795 384 816 407 a
844 370 1068 406 Graecorum
1094 376 1197 418 parte
1230 377 1327 408 stant
1354 377 1390 408 et
1414 374 1524 419 impe-

229 425 306 458 dire
333 433 510 458 conantur
537 436 674 458 summa
701 424 898 470 diligentia,
926 426 1054 469 nequis
1073 437 1134 460 eos
1151 425 1523 461 Lacedaemoniorum

228 490 305 514 esse
334 477 484 513 clientes
512 477 653 513 credat:
693 482 734 514 ut
770 478 954 523 dignitatis
989 479 1125 525 paritas
1164 483 1292 525 aperta
1327 480 1401 525 fiat,
1442 491 1525 516 ante

226 545 383 578 pugnam
420 532 674 567 Plataeensem
714 544 826 567 cornu
866 534 1048 568 sinistrum
1096 534 1163 568 sibi
1197 538 1378 579 arrogant.
1445 535 1524 580 (IX

226 587 272 619 26
283 585 399 631 --28.)
426 585 718 629 Lacedaemonii,
748 586 809 630 qui
835 590 984 631 propter
1002 585 1245 621 Athenienses
1272 587 1384 621 multo
1402 587 1521 622 valen-

226 640 336 675 tiores
357 639 521 674 -ridiculo
556 638 639 674 huic
674 639 856 685 postulato
891 639 1077 686 indulgere
1108 652 1180 676 non
1206 645 1367 687 possunt,
1404 642 1523 677 omnia

225 694 362 728 faciunt
388 694 434 728 ad
461 705 584 727 eorum
612 694 911 728 consolationem:
948 696 1163 739 ,προσεχέας
1191 694 1228 729 δὲ
1254 697 1360 741 σφίσι
1388 694 1524 729 εἵλοντο

225 745 370 781 ἑστάναι
397 745 431 781 οἱ
449 750 674 793 Σπαρτιῆται
699 745 782 788 τοὺς
803 746 974 794 Τεγεήτας
998 747 1056 782 καὶ
1082 752 1185 795 τιμῆς
1210 746 1325 784 εἵνεκα
1350 748 1411 783 καὶ
1432 743 1518 795 οἷρε-

224 805 319 849 τῆς.“
361 802 448 847 Ipso
475 801 632 846 impetus
658 800 798 837 Persici
823 807 1002 837 momento
1030 802 1222 848 Tegeatae,
1249 806 1290 838 ut
1315 802 1521 838 libertatem

223 856 551 891 manifestissimam
589 855 755 899 reddant,
792 856 931 901 signum
965 856 1168 891 Pausaniae
1203 868 1274 891 non
1310 861 1521 902 exspectant

223 910 297 954 sed,
313 910 397 945 dum
412 909 691 944 Lacedaemonii
707 921 810 944 sacra
827 909 973 954 faciunt,
988 910 1025 945 in
1044 910 1166 945 hostes
1183 911 1336 946 irruunt.
1351 910 1429 957 (IX
1444 911 1519 958 62.)

226 964 317 999 Post
355 975 512 1009 pugnam
553 963 631 1010 (IX
659 965 715 1008 70,
744 963 817 1008 80.)
867 963 1070 998 Pausaniae
1104 964 1334 999 interdicenti
1370 964 1520 1011 ,,μηδένα

221 1014 411 1052 ἅπτεσθαι
436 1021 499 1064 τῆς
524 1017 644 1064 ληίης“
674 1016 933 1062 obtemperant,
962 1017 1080 1062 quoad
1099 1017 1232 1053 volunt.
1263 1017 1345 1064 „rip
1369 1020 1433 1062 μέν
1459 1031 1518 1053 νυν

222 1070 355 1119 φάτνην
388 1070 518 1117 ταύτην
544 1069 606 1118 τὴν
632 1069 831 1117 Μαρδονίου
856 1065 1034 1106 ἀνέθεσαν
1060 1069 1096 1112 ἐς
1121 1069 1182 1106 τὸν
1207 1070 1287 1119 νηὸν
1319 1076 1381 1119 τῆς
1405 1067 1517 1119 Ἀλέης

217 1121 404 1173 Ἀθηναίης
435 1129 616 1172 Τεγεῆται,
644 1123 688 1159 τὰ
715 1124 751 1159 δὲ
776 1120 863 1159 ἄλλα
890 1122 925 1166 ἐς
949 1120 1074 1167 τώυτὸ,
1110 1123 1245 1173 ὅσαπερ
1271 1123 1404 1171 ἔλαβον,
1432 1124 1516 1173 ἐσή-

220 1193 336 1216 νεικαν
362 1185 457 1215 τοῖσι
476 1177 656 1226 ‘Ermum‘
686 1179 746 1214 Ita
771 1179 839 1214 hae
866 1191 923 1214 res
949 1191 1015 1214 nos
1042 1179 1182 1225 docent,
1209 1183 1294 1215 ante
1312 1180 1407 1216 bella
1424 1180 1513 1215 Per-

220 1235 294 1269 sica
319 1247 392 1269 non
418 1234 599 1268 exstitisse
626 1233 865 1276 condiciones,
893 1245 982 1277 quas
1008 1234 1124 1280 poscit
1142 1234 1336 1271 oraculum.
1365 1232 1514 1280 ἐπιτάρ-

219 1290 331 1333 ροθος
357 1288 500 1332 Tegeae
528 1285 662 1332 Sparta
700 1289 782 1331 post
819 1285 914 1320 bella
954 1286 1095 1321 demum
1121 1285 1304 1322 Arcadica
1337 1298 1512 1322 annorum

218 1343 289 1377 473
317 1346 354 1376 et
379 1343 447 1376 471
477 1339 556 1376 fieri
582 1338 745 1385 potuit.²)

316 1395 500 1438 Narratio,
536 1405 751 1439 quamquam
778 1392 960 1438 Apollinis
993 1393 1142 1438 gloriam
1178 1398 1366 1440 propagat,
1397 1394 1511 1439 philo-

217 1449 389 1495 delphum
415 1461 487 1484 non
514 1447 669 1483 redolet:
696 1447 777 1482 finis
804 1447 1049 1493 apologeticus
1076 1448 1108 1483 ei
1135 1448 1246 1484 deest.

314 1503 479 1538 Produnt
498 1503 606 1537 etiam
625 1501 735 1536 verba
753 1501 797 1546 (c.
818 1502 879 1546 67)
901 1499 1049 1548 ηέούσης
1066 1501 1134 1548 γὰρ
1151 1506 1275 1536 τοῦτον
1300 1501 1360 1537 τὸν
1383 1501 1508 1548 χρόνον

217 1555 401 1604 ἐπιμιξίης
426 1554 517 1604 πρὸς
542 1554 629 1597 τοὺς
660 1553 857 1602 Τεγεήτας“
887 1566 958 1590 non
979 1567 1022 1590 ex
1041 1555 1164 1591 eodem
1184 1557 1391 1601 provenisse
1411 1556 1510 1591 fonte

215 1611 308 1647 hanc
334 1623 455 1646 rerum
473 1611 749 1657 Tegeatiearum
776 1613 914 1655 partem
942 1621 1048 1655 quam
1067 1609 1350 1646 antecedentem.
1397 1610 1511 1647 Valde

216 1666 310 1700 enim
336 1666 427 1700 mira
454 1669 508 1700 est
535 1663 701 1710 ἐπιμιξίη
727 1664 805 1709 ipso
832 1663 894 1698 illo
920 1667 1080 1709 tempore
1114 1668 1195 1709 post
1229 1664 1367 1699 cladem
1394 1664 1508 1699 Lace-

216 1719 486 1754 daemoniorum
504 1719 707 1760 maximam,
723 1729 802 1752 cum
820 1717 922 1752 multi
936 1717 971 1751 in
987 1718 1156 1752 servitute
1171 1717 1411 1763 Tegeatarum
1427 1719 1508 1755 sint.

313 1773 391 1819 Ego
419 1772 573 1818 Spartae
610 1772 704 1807 hanc
739 1771 783 1806 de
810 1770 945 1806 Lichae
985 1771 1067 1806 dolo
1105 1772 1347 1807 narrationem
1387 1775 1508 1807 natam

214 1839 293 1862 esse
311 1830 397 1872 puto
416 1830 566 1872 propter
585 1826 740 1860 colorem
760 1825 864 1860 valde
882 1824 1220 1869 Lacedaemonium,
1248 1837 1354 1870 quem
1373 1826 1509 1860 habent

215 1891 267 1924 ea,
295 1891 386 1925 quae
414 1880 458 1914 de
486 1879 715 1925 agathoergis
744 1881 779 1913 et
804 1878 908 1912 statis
919 1877 945 1923 ³)
974 1877 1252 1924 proferuntur.⁴)
1291 1878 1402 1914 Falso
1429 1878 1507 1913 loco

312 1974 337 2010 ι)
359 1973 396 2002 cf.
419 1972 527 2001 Busolt
548 1971 609 2000 III.
632 1982 661 2008 p.
687 1971 753 2001 120.

308 2016 334 2052 2)
357 2016 394 2044 cf.
416 2015 524 2044 Busolt
543 2014 597 2044 ΠΙ
617 2025 646 2052 p.
663 2015 719 2044 121
743 2023 786 2051 sq.

309 2059 335 2097 ³)
359 2083 365 2090 .
390 2082 395 2088 .
418 2083 424 2089 .
449 2062 498 2097 „gg
520 2061 536 2089 ὃ
558 2060 595 2098 δὴ
618 2058 720 2097 Λίχης
742 2061 804 2087 τῶν
824 2057 1032 2097 ἀγαθοεργῶν
1054 2058 1261 2097 καλεομένων
1282 2058 1507 2098 Σπαρτιητέων

210 2107 332 2144 ἀνεῦρε.
366 2108 395 2134 ol
418 2105 450 2134 δὲ
471 2105 665 2144 ἀγαθοεργοὶ
687 2105 748 2133 εἰσὶ
771 2107 832 2132 τῶν
854 2107 971 2132 στατῶν
991 2103 1099 2140 (coddt
1123 2104 1270 2140 ,ἀστῶν“.
1294 2107 1412 2132 στατῶν
1425 2103 1493 2132 coni

211 2150 336 2179 Usener.
377 2149 415 2177 N.
436 2149 544 2178 Jahrb.
573 2149 622 2177 fiir
646 2148 724 2176 Phil.
755 2158 782 2176 u.
812 2147 905 2178 Paed.
933 2148 1042 2184 1889.)‚
1074 2149 1209 2184 ἐξιόντες
1236 2149 1270 2175 ἐκ
1297 2151 1358 2175 τῶν
1379 2150 1503 2176 ἱππέων

209 2196 272 2223 αἰεὶ
302 2196 332 2222 οἱ
361 2195 577 2232 πρεσβύτατοι,
605 2195 697 2221 πέντε
719 2194 803 2228 ἔτεος
823 2193 964 2221 ἑκάστου.
987 2193 1057 2228 τοὺς
1079 2191 1128 2220 δεῖ
1147 2195 1255 2220 τοῦτον
1275 2192 1329 2220 τὸν
1349 2192 1503 2227 ἐνιαυτὸν,

209 2240 262 2268 τὸν
283 2241 323 2267 ἂν
344 2240 451 2275 ἐξίωσι
479 2240 513 2266 ἐκ
540 2242 601 2266 τῶν
622 2239 755 2273 ἱππέων,
784 2237 1007 2275 Σπαρτιητέων
1033 2240 1072 2273 τῷ
1100 2240 1195 2273 κοινῷ
1223 2236 1502 2274 διαπεμπομένους

207 2286 252 2322 μὴ
275 2283 420 2312 ἐλινύειν
440 2282 564 2318 ἄλλους
585 2282 702 2321 ἄλλῃ.“

306 2328 330 2362 4)
352 2326 527 2363 Schubring
542 2326 655 2354 oraculi
670 2335 694 2354 c.
710 2327 747 2355 67
762 2334 866 2354 omnes
886 2333 992 2353 versus
1007 2323 1092 2353 fictos
1115 2333 1179 2352 esse
1193 2325 1289 2361 putat.
1311 2323 1392 2352 Dicit
1412 2333 1441 2360 p.
1456 2324 1495 2353 42

208 2371 263 2408 „In
286 2370 417 2406 oraculo,
439 2369 519 2406 quod
540 2370 692 2398 invenitur
711 2368 728 2397 Ι
749 2370 797 2405 67,
824 2371 953 2405 quatuor
973 2367 1058 2404 quasi
1086 2370 1201 2396 aetates
1230 2367 1400 2396 discernere
1421 2367 1500 2395 mihi
