1770 2769
724 98 967 131 —62-

362 201 510 256 Quae
542 201 702 246 habet
734 203 1035 247 Herodotus
1068 215 1101 246 a
1132 202 1478 258 philodelph0.

182 336 309 370 Lydiam.
586 333 699 371 Apollo
720 335 878 372 praedixit,
900 334 1022 371 quintae
1044 333 1137 372 Gygis
1158 334 1311 372 progeniei
1332 335 1445 363 crimen
1467 335 1547 363 atavi

500 377 516 405 Ι
538 379 584 408 13.
946 378 1088 407 luendum
1110 388 1181 407 esse.

430 444 449 473 2

452 466 458 471 -
500 446 625 520 IApgllO
646 447 801 484 Alyattem
822 447 942 475 oraculo
964 447 1063 484 coegit
1083 449 1117 475 ut
1137 430 1242 484 pacem
1264 456 1332 475 eum
1355 446 1478 475 Graecis
1500 447 1622 476 faceret.

538 492 554 520 1
597 500 641 528 sq.

452 578 457 582 -
513 558 625 595 Apollo
647 560 769 588 oraculo
791 561 891 597 (,,οῐδα
914 560 1002 598 δ’ἐγὼ
1024 560 1161 597 ψάμμου
1184 582 1189 588 .
1243 560 1281 595 ,9
1304 559 1443 595 ostendit,
1464 559 1619 588 oraculum

500 602 517 631 Ι
537 604 575 633 47
814 603 991 641 Delphicum
1015 603 1110 631 solum
1132 612 1197 631 esse
1218 612 1317 631 verax

520 671 631 708 Apollo
653 672 775 700 oraculo
798 673 826 709 („
830 672 913 700 Λυδὲ
935 674 1045 710 γένος.
1084 672 1122 707 .‘·')
1144 670 1302 707 praedixit,
1324 670 1418 698 filium
1440 670 1543 699 Croesi
1564 646 1613 700 die

500 715 516 761 Ι
537 717 575 746 85
645 716 762 745 nefasto
782 716 924 753 loquendi
946 693 1120 744 facultatem
1141 718 1388 751 recuperaturum
1410 724 1484 743 esse

538 783 651 821 Apollo
673 785 794 813 oraculo
816 784 924 821 (’,,ἀλλ’
946 785 1020 812 ὅταν
1041 785 1172 821 ἡμίονος
1252 784 1304 819 .“),
1326 786 1372 811 sat
1392 759 1605 819 intellegibili

499 827 514 856 I
536 828 574 857 55
828 826 970 857 Croesum
992 837 1009 855 a
1029 827 1108 856 bello
1130 826 1310 855 deterrebat.

181 912 357 941 corinthiaca
428 910 454 938 6-
499 915 611 952 Apollo
633 916 756 944 oraculo
778 917 909 952 (ml-erog
931 917 966 943 ἐν
986 917 1116 953 πέτρῃσι
1132 937 1138 942 .
1155 937 1161 944 .
1175 916 1213 949 .“)
1235 913 1411 942 Corinthum
1434 923 1451 942 a
1471 914 1630 951 tyrannide

500 959 528 987 V
549 960 587 989 92
609 964 635 995 β.
932 967 1050 987 servare
1072 958 1201 988 volebat.

429 1047 454 1074 '¹-
492 1052 603 1090 Apollo
625 1052 791 1090 oraculo(
798 1052 906 1089 ὄλβιος
927 1053 1036 1088 οὗτος,
1076 1074 1082 1080 ,
1105 1051 1228 1080 παίδων
1249 1062 1282 1090 γε
1303 1053 1364 1089 μὲν
1385 1053 1488 1080 οὐκέτι
1511 1051 1651 1088 παῖὸες“)

500 1096 526 1125 V
539 1098 576 1127 92
588 1108 611 1126 ε.
654 1097 813 1134 praedixit
836 1096 992 1134 Cypselum
1016 1105 1083 1124 eum
1105 1095 1173 1124 filiis
1195 1105 1254 1124 non
1269 1095 1429 1132 nepotibus
1445 1095 1562 1125 felicem
1577 1095 1650 1124 fore.

180 1186 362 1221 cyrenenslfl·
516 1190 627 1227 Apollo
650 1191 915 1227 ‹›raeu10('„Bdtr'
938 1192 988 1218 ἐπὶ
1009 1202 1118 1229 φωνην
1140 1213 1144 1219 .
1168 1213 1174 1219 .
1197 1191 1236 1227 ,(9
1258 1189 1381 1218 Battum
1404 1191 1442 1226 (z
1464 1189 1611 1225 βασιλέα)

497 1234 543 1263 IV
567 1236 631 1264 155.
872 1234 1000 1271 Cyrenas
1022 1234 1151 1263 condere
1173 1234 1266 1262 iussit.

524 1321 635 1358 Apollo
657 1298 814 1350 Arcesilao
835 1321 922 1357 dixit
944 1323 1085 1357 quattuor
1104 1320 1203 1349 Battis
1226 1324 1256 1349 et
1276 1323 1418 1357 quattum
1438 1298 1601 1348 Arcesilais

491 1365 538 1394 IV
550 1367 615 1395 16³.
638 1365 821 1394 destinatum
844 1374 909 1394 esse
931 1375 1065 1402 regnum,
1087 1368 1116 1394 et
1139 1364 1363 1395 commendavit
1385 1364 1584 1393 clementiam.

517 1433 629 1470 Apollo
651 1433 834 1461 Clisthenem
856 1435 1015 1469 tyrannum
1037 1433 1226 1470 appellavit,
1229 1433 1426 1471 ,λευστῆρα,“
1411 1434 1428 1447 “
1450 1432 1622 1469 vituperans

496 1478 526 1506 V
547 1479 593 1508 67.
741 1487 810 1506 eum
832 1477 1032 1506 offendentem
1053 1477 1175 1506 heroem
1197 1476 1373 1506 Adrastum.

181 1435 319 1469 sicyonia.

496 1547 608 1583 Apollo
630 1546 770 1583 Siphnios
793 1545 998 1582 imprudentes
1020 1546 1139 1574 oraculo
1160 1546 1192 1582 („
1195 1545 1272 1574 ἀλλ’
1295 1547 1369 1573 ὅταν
1390 1547 1425 1573 ἐν
1440 1545 1572 1583 Σί,φνῳ

496 1590 548 1619 III
569 1591 615 1620 57.
797 1590 923 1626 monuit,
945 1592 978 1617 ut
999 1589 1165 1626 perieulum
1187 1592 1336 1618 caverent.

180 1548 336 1583 Siphniaca.

179 1661 348 1697 Aeginetica.
409 1655 453 1685 12.
495 1659 607 1696 Apollo
628 1668 706 1687 anno
727 1659 784 1689 487
806 1657 1007 1686 Athenienses
1029 1657 1139 1686 bellum
1168 1656 1277 1686 inferre
1298 1657 1456 1694 Aeginetis
1485 1656 1581 1685 vetuit
1609 1659 1649 1692 et,

490 1702 519 1730 V
530 1704 577 1731 89.
619 1711 762 1738 prospere
773 1711 838 1730 rem
852 1703 1028 1729 eventuram
1044 1710 1107 1729 esse
1122 1700 1207 1737 dixit,
1221 1701 1246 1729 si
1256 1702 1294 1731 30
1305 1701 1390 1729 annis
1405 1703 1473 1737 post
1489 1700 1642 1728 inferrent.

426 1767 452 1796 3.
494 1770 607 1807 Apollo
634 1769 822 1798 Athenarum
851 1768 1006 1798 interitum
1027 1767 1178 1805 praedixit
1199 1768 1320 1797 oraculo
1342 1769 1373 1806 („
1378 1769 1401 1796 ὦ
1423 1767 1535 1806 μέλεοι
1553 1790 1558 1796 .
1576 1790 1581 1795 ,
1598 1767 1657 1805 “);,

496 1814 634 1843 adiunxit
654 1819 755 1842 tamen
777 1814 869 1842 etiam
891 1822 993 1842 versus
1015 1813 1044 1850 („
1049 1814 1086 1841 οὐ
1109 1813 1255 1842 δύναται.
1273 1835 1297 1841 ..
1315 1831 1350 1835 -
1364 1814 1534 1849 συνιούσης
1538 1813 1577 1847 “.)
1600 1811 1649 1848 qui

564 1858 723 1887 manifesto
746 1858 872 1886 classem
896 1857 975 1894 apud
998 1856 1149 1885 Salamina
1170 1857 1257 1885 saluti
1278 1856 1341 1885 fore
1364 1856 1573 1893 promiserunt.

496 1901 561 1930 VII
584 1902 737 1938 140,141.

179 1772 365 1800 Atheniensis.
407 1767 422 1796 1

178 1998 324 2025 Arcadica.
407 1991 452 2020 14·
494 1996 606 2032 Apollo
636 1995 883 2023 Lacedaemoniis
912 1994 1076 2022 Arcadiam
1104 1993 1225 2030 negavit
1253 1997 1283 2022 et
1313 1993 1429 2022 cladem
1459 1993 1649 2030 Tegeaticam

495 2039 511 2068 I
532 2039 579 2069 66.
701 2038 850 2075 praedixit
871 2038 1002 2066 oraculo.
1025 2037 1221 2075 („’Apna<51'22v
1241 2049 1263 2075 μ
1268 2037 1395 2073 ἀἰτεῖς.
1411 2038 1474 2071 ..“)

178 2128 331 2164 Lycurqea.
406 2124 451 2153 15·
495 2127 608 2164 Apollo
637 2127 757 2155 oraculo
779 2127 918 2165 Lycurgo
946 2126 1018 2154 dato
1040 2126 1160 2162 (ῃῆκεις
1181 2126 1204 2153 ὧ
1227 2125 1389 2164 Λυκόοργε
1406 2147 1412 2153 .
1429 2147 1435 2153 .
1452 2127 1492 2163 .“)
1515 2124 1652 2153 adiunxit

494 2171 511 2199 Ι
532 2173 578 2204 65.
699 2171 864 2207 eonsilium,
888 2170 1039 2207 quomodo
1061 2169 1166 2198 civitas
1187 2169 1371 2200 instituenda
1392 2172 1480 2200 esset.

178 2241 216 2269 Do
238 2241 332 2276 Pythia
407 2239 452 2268 16.
493 2240 563 2311 ἔξω
584 2250 688 2268 verum
710 2242 764 2275 est,
786 2239 925 2276 Pythiam
948 2239 984 2267 ab
1006 2237 1213 2268 Alemeonidis
1234 2238 1361 2275 pecunia
1382 2240 1555 2274 corruptam
1576 2246 1648 2266 esse,

178 2286 296 2319 pecunia
545 2285 591 2314 62.

407 2352 450 2381 17.
493 2352 603 2389 Pythia
624 2352 750 2389 pecunia
771 2354 912 2389 corrupta
934 2354 963 2380 et
985 2354 1089 2389 postea
1110 2350 1224 2389 punita,
1252 2360 1327 2388 quae
1349 2350 1545 2380 Demaratum
1567 2349 1651 2379 Aris-

454 2419 455 2422 .
493 2396 542 2424 VI
553 2398 599 2432 66,
611 2397 658 2425 69.
709 2396 788 2424 tonis
809 2395 903 2424 filium
926 2405 989 2424 esse
1010 2398 1183 2433 negaverat,
1213 2395 1307 2424 invita
1328 2404 1429 2423 verum
1454 2395 1556 2423 locuta
1577 2396 1650 2423 erat.

177 2355 318 2389 corrupta.
