1770 2769
790 157 1029 191 ...37—

264 265 364 301 Scire
397 263 553 299 debebat
583 263 737 306 Xerxes,
779 263 907 308 quibus
940 263 1046 299 rebus
1082 277 1171 309 opus
1208 270 1302 300 esset
1336 266 1381 300 ad
1415 266 1548 300 amicos

263 318 308 354 ab
334 319 445 364 ipsius
471 317 642 352 militibus
670 316 924 353 defendendos.
983 316 1061 352 Aut
1086 317 1277 353 benevolus
1304 319 1459 364 Delphis
1486 331 1548 354 rex

262 372 480 418 impediebat
506 382 599 413 suos,
635 370 823 415 quominus
857 371 1029 416 templum
1063 372 1354 418 aggrederentur,
1391 393 1437 398 ——
1472 378 1548 408 tum

263 425 458 460 absurdum
485 428 572 468 erat,
614 435 674 458 eos
701 424 908 468 obsequium
940 424 1069 459 violare
1097 425 1144 459 ad
1171 437 1251 459 eum
1277 426 1394 469 finem,
1434 424 1549 467 „fimus-

262 477 477 527 συλήσαντες
502 476 543 513 τό
569 475 647 525 ἱρὸν
671 475 712 513 τὸ
743 476 780 513 ἐν
808 479 987 525 Δελφοῖσι
1015 478 1157 524 βασιλέι
1185 479 1302 527 Ξέρξῃ
1329 477 1549 523 ἀποδέξαιεν

262 531 307 569 τὰ
341 531 505 581 χρήματα
540 552 588 556 -
622 535 686 566 aut
723 531 775 565 nil
809 531 894 566 fecit
927 531 972 566 ad
1008 532 1112 566 deum
1147 533 1358 567 servandum
1396 555 1438 559 —-
1472 538 1547 568 tum

262 586 475 622 Mardonius
509 585 643 620 crimen
674 597 696 619 a
721 584 843 620 Persis
870 585 1010 620 amoliri
1034 597 1106 620 non
1132 586 1258 631 potuit.

360 639 508 675 Certum
534 643 642 684 atque
661 639 706 674 ab
725 639 887 674 omnibus
906 651 1113 674 concessum
1132 644 1196 682 est,
1217 652 1238 675 a
1256 640 1407 686 Delphis
1425 653 1548 675 narra-

262 698 338 729 tum
377 705 454 729 esse
492 692 681 728 Herodoto
721 692 764 727 de
803 692 998 728 Persarum
1036 693 1250 738 repulsione.
1315 694 1475 729 Erantne
1511 694 1547 729 hi

262 748 397 793 Delphi
422 747 540 789 iidem,
569 747 630 791 qui
646 746 872 780 narrationes
890 746 1131 791 apologeticas
1151 748 1193 781 de
1214 747 1359 790 Croeso,
1380 747 1545 793 Cypselo,

262 802 340 836 aliis
365 800 468 836 fictas
495 801 528 835 ei
554 799 893 845 suppeditaverant?
919 800 1062 835 Nescio.
1114 800 1285 835 Fortasse
1304 801 1407 835 huius
1425 813 1548 836 narra-

261 855 367 890 tionis
394 854 543 900 simplex
568 854 760 899 periegeta,
789 853 849 898 qui
875 866 982 899 rupes
1007 853 1087 888 illas
1110 855 1305 899 peregrinis
1323 855 1546 898 ostendebat,

264 913 390 944 auctor
416 908 448 943 ei
475 911 563 942 erat.
591 928 638 932 —
665 906 722 942 De
750 906 847 942 fonte
875 919 1007 950 eorum,
1036 920 1126 952 quae
1153 908 1319 950 leguntur
1343 909 1404 943 IX
1423 911 1479 951 42,
1498 909 1549 943 nil

264 963 381 997 dicere
408 973 567 1007 possum:
596 961 639 995 de
666 961 818 1005 Delphis
845 966 993 1006 propter
1018 961 1116 997 VIII
1143 964 1187 996 35
1216 974 1266 1007 sq.
1294 963 1450 1008 cogitare
1476 974 1549 997 non

263 1028 464 1061 possumus,
523 1014 628 1058 Sane,
665 1027 758 1060 quae
792 1015 878 1049 dicit
902 1014 1111 1050 Herodotus
1142 1015 1203 1050 IX
1229 1018 1287 1059 43,
1321 1028 1392 1050 non
1418 1015 1549 1051 Persas

266 1070 329 1104 sed
355 1069 499 1114 Illyrios
527 1073 563 1103 et
588 1068 789 1103 Encheleas
816 1072 995 1113 spectasse
1015 1069 1207 1111 oraculum,
1228 1069 1377 1103 fortasse
1397 1081 1418 1103 a
1436 1069 1548 1114 philo—

262 1122 391 1167 delpho
418 1122 599 1168 audivit.¹)

319 1171 323 1176 ’
358 1175 584 1210 Accedamus
617 1176 688 1210 iam
722 1175 767 1209 ad
801 1175 985 1210 oraculum
1020 1175 1142 1210 datum
1168 1176 1320 1221 Delphis
1355 1176 1451 1221 ipsis,
1487 1176 1548 1221 qui

260 1230 515 1264 consuluerant
533 1229 734 1274 Apollinem
762 1227 878 1276 ,,ὐπὲρ
906 1228 1049 1265 ἑωυτῶν
1073 1230 1132 1265 καὶ
1150 1230 1213 1276 τῆς
1230 1227 1399 1269 Ἑλλάδος
1416 1243 1548 1278 καταρ-

258 1281 482 1331 &adquam-‘⁴
510 1282 602 1330 (VII
631 1283 725 1329 178).
800 1283 856 1317 De
896 1295 1068 1328 responso
1109 1288 1268 1328 accepto,
1306 1288 1430 1318 ventos
1466 1295 1544 1318 esse

258 1337 511 1382 implorandos,
556 1348 677 1371 omnes
720 1336 876 1371 libertati
923 1336 1108 1370 studentes
1160 1337 1328 1371 certiores
1372 1337 1545 1373 fecerunt.

259 1404 373 1435 „ficeta
399 1390 438 1428 δὲ
468 1390 581 1426 ταῦτα
612 1389 647 1426 οἱ
675 1391 816 1438 Δελφοὶ
842 1393 938 1426 τοῖσι
965 1387 1129 1434 ανὲμοισι
1157 1388 1279 1436 βιιιιόν
1303 1404 1341 1425 τε
1367 1388 1547 1428 απὲδεὲαν

259 1445 296 1480 ἕν
331 1445 436 1491 Θυίῃ,
466 1444 519 1508 τῇ
553 1457 621 1491 περ
655 1444 720 1490 τῆς
746 1444 918 1508 Κηφισοῦ
951 1442 1135 1491 θυγατρος
1171 1444 1285 1490 &virg
1323 1457 1363 1478 το
1401 1442 1548 1487 τεμειός

258 1511 347 1538 εστι
374 1497 432 1534 ἐπ’
463 1509 502 1544 νς
528 1498 586 1533 καὶ
612 1496 631 1533 ὁ
658 1497 775 1545 χῶρος
793 1490 898 1536 οὗτος
915 1494 979 1543 τὴν
997 1496 1204 1543 ἐπωνυμίην
1221 1496 1292 1540 ἔχει
1314 1498 1372 1533 καὶ
1392 1497 1547 1544 θυσίῃσί

258 1563 372 1600 σφεας
397 1549 579 1600 μετήισαν.
585 1554 604 1569 “
656 1551 881 1596 Periegetam
907 1550 995 1586 haec
1013 1551 1172 1586 narratio
1192 1550 1329 1585 redolet
1346 1554 1547 1586 monstran-

257 1609 329 1639 tem
368 1606 556 1640 Herodoto
595 1616 705 1647 aram‚
746 1605 804 1639 cui
841 1605 1004 1649 inscripti
1047 1608 1150 1638 erant
1191 1603 1356 1650 versus,²)
1396 1616 1547 1649 quorum

257 1671 366 1693 unum
409 1659 700 1705 „e‘gayyeizavtsg
747 1656 854 1707 χάριν
895 1656 1081 1696 ἀθάνατον
1122 1657 1337 1695 κατέθεντο“
1382 1658 1546 1696 servavit.

257 1712 400 1749 Auctor
427 1713 678 1758 philodelphus
704 1713 771 1748 hac
803 1725 841 1747 re
875 1713 931 1747 vix
963 1712 1134 1757 gloriatus
1167 1717 1230 1755 est,
1264 1724 1346 1746 nani
1377 1713 1548 1746 auxilium

257 1766 369 1801 latum
396 1766 548 1801 Graecis
584 1778 606 1800 a
641 1767 765 1808 ventis,
801 1778 874 1801 non
908 1770 1048 1801 tantum
1082 1766 1193 1811 fuitss‘)
1228 1769 1268 1800 ut
1302 1766 1369 1800 hoc
1401 1765 1548 1800 oraculo

258 1819 314 1854 dei
342 1820 546 1855 defensores
573 1820 676 1854 valde
703 1832 739 1854 se
774 1820 908 1854 iactare
947 1824 1103 1865 possent.
1167 1819 1250 1864 Ipse
1291 1830 1376 1853 sane
1406 1819 1547 1853 modes-

355 1932 377 1967 l)
399 1931 436 1961 cf.
459 1932 564 1960 Busolt
586 1926 638 1960 112
665 1941 695 1968 p.
724 1932 796 1962 690:
829 1931 888 1967 „Es
916 1931 991 1969 liegt
1018 1931 1073 1960 der
1102 1929 1247 1959 Gedanke
1275 1929 1362 1965 nahe,
1394 1929 1462 1959 dass
1493 1930 1548 1959 das

258 1974 368 2004 Orakel
389 1976 419 2004 in
440 1975 567 2005 Umlauf
589 1978 705 2013 gesetzt
729 1975 842 2012 wurde,
874 1976 917 2004 als
943 1974 1119 2004 Μαι-(1011103
1148 1975 1179 2003 111
1205 1973 1311 2002 Hellas
1342 1974 1547 2011 zuriickblieb,

255 2029 306 2047 um
327 2020 387 2055 ihn,
408 2020 462 2048 der
483 2020 537 2048 auf
553 2019 735 2048 hellenische
749 2019 996 2048 Orakelweisheit
1018 2021 1110 2047 etwas
1131 2018 1188 2056 gab
1211 2017 1302 2054 (Hdt.
1318 2017 1401 2046 VIII
1416 2019 1474 2048 133
1488 2018 1545 2055 ff.)‚

256 2072 316 2091 von
333 2063 435 2100 jedem
455 2063 612 2091 Versuche
642 2062 695 2091 auf
716 2063 770 2092 das
791 2063 982 2101 Heiligthum
1014 2061 1263 2091 abzuschrecken.
1315 2061 1370 2090 Ais
1401 2071 1433 2090 es
1465 2062 1546 2091 daun

254 2107 339 2136 nicht
364 2108 394 2135 in
415 2107 577 2145 Erfiillung
607 2107 688 2145 ging,
719 2107 853 2145 bezogen
881 2117 913 2135 es
944 2107 993 2135 die
1014 2106 1146 2135 Priester
1176 2104 1231 2133 auf
1258 2104 1306 2133 die
1338 2105 1460 2142 Illyrier
1487 2106 1549 2134 und

256 2149 450 2180 Enoheleer.“

352 2199 376 2235 2)
398 2200 466 2229 Hac
487 2200 517 2228 in
537 2209 570 2229 re
590 2209 699 2237 sequor
718 2199 920 2228 Pomtowium
941 2209 970 2236 p.
991 2200 1056 2229 255.

352 2249 378 2285 3)
400 2249 437 2278 cf.
459 2248 543 2278 VIII
564 2250 615 2279 66:
643 2249 825 2286 ,,ἀντιθήσω
847 2250 906 2287 γὰρ
928 2252 1008 2277 τοῖσι
1030 2259 1060 2276 τε
1089 2250 1150 2276 ὑπὸ
1179 2253 1232 2277 τοῦ
1282 2260 1310 2277 ει
1339 2253 1417 2284 ῶνος
1446 2250 1551 2277 αὐτῶν

253 2298 485 2342 ἀπολομένοισι
508 2300 560 2326 καὶ
583 2301 662 2326 τοῖσι
684 2300 719 2326 ἐν
743 2298 972 2336 Θερμοπύλῃσι
995 2299 1047 2326 καὶ
1079 2302 1147 2336 τῇσι
1177 2297 1226 2326 ἐπ’
1256 2298 1446 2336 Ἀρτεμισίῳ
1476 2309 1550 2326 ναυ-

254 2348 388 2385 μαχίῃσι
410 2347 519 2376 τούσδε
540 2348 610 2383 τοὺς
632 2348 697 2376 τότε
718 2347 802 2375 οὔκω
824 2348 999 2385 ἑπομένους
1020 2346 1147 2382 βασιλέι
1171 2369 1176 2375 .
1201 2369 1206 2375 .
1230 2348 1258 2375 .“
