1770 2769
760 128 1002 160 -17-

233 236 329 281 apud
354 235 582 271 Herodotum
607 235 754 269 inventa
792 244 870 268 esse
906 233 1071 269 videntur
1103 238 1275 281 tempore,
1315 248 1396 271 cum
1436 249 1516 272 nar-

233 290 390 324 rationes
416 289 608 334 populares
636 287 680 322 de
700 286 839 322 Croeso
867 288 1007 332 captivo
1033 288 1197 333 vulgatae
1224 289 1330 325 fidem
1357 291 1519 325 miraculi

232 354 254 378 a
302 341 522 388 Bacchylide
573 340 746 376 celebrati
797 340 1057 376 imminuissent
1106 344 1346 389 memoriaque
1398 355 1517 379 rerum

231 399 411 440 gestarum
443 395 533 430 adeo
561 394 775 438 evanuisset,
812 397 852 428 ut
878 395 996 430 verbis
1029 398 1142 441 ,μέγα
1167 396 1271 443 νήπιε
1297 401 1450 444 Κροῖσεί(
1482 402 1519 432 et

230 444 335 495 ,μηδ’
361 448 545 483 αἰδεῖσθαι
571 445 677 488 κακὸς
702 444 818 482 εἶναιζζ
840 459 933 482 nova
950 448 1049 483 fraus
1067 461 1137 484 non
1156 450 1378 495 proderetur.
1405 450 1518 496 Apud

230 502 485 547 Bacchylidem
523 501 714 536 sanctitate
755 500 851 546 apud
889 500 1114 537 Herodotum
1153 503 1330 539 dementia
1373 504 1518 539 excellit

231 554 399 590 Croesus.

746 876 918 913 CAPUT
944 878 997 913 II.

540 966 617 1009 De
651 965 809 1009 rebus
842 965 1200 1011 Corinthiacis.

324 1081 489 1118 Vidimus
523 1086 696 1128 quantum
730 1082 888 1118 studium
923 1082 1150 1118 adhibuerint
1175 1083 1342 1129 Delphici
1376 1085 1511 1120 oraculi

224 1137 367 1180 patroni
403 1136 449 1170 ad
474 1137 682 1171 memoriam
718 1148 846 1181 parum
880 1137 1108 1181 prudentium
1144 1137 1377 1181 oraculorum,
1418 1150 1509 1183 quae

226 1187 398 1223 Croesum
426 1189 671 1235 perdiderant,
700 1189 989 1225 oblitterandam.
1040 1190 1160 1224 Etiam
1187 1191 1222 1224 in
1250 1189 1405 1226 Graecia
1430 1192 1509 1237 ipsa

224 1242 350 1277 domus
377 1244 485 1288 regia,
515 1244 694 1289 Apollinis
720 1243 890 1289 Delphici
916 1245 1040 1291 amica,
1074 1243 1276 1279 foedissime
1307 1249 1506 1281 corruerat:

224 1295 435 1345 Cypselidas
469 1297 560 1341 dico,
588 1297 717 1343 quibus
744 1309 866 1333 omnes
896 1297 1167 1334 maledicebant.
1213 1297 1314 1344 Quae
1341 1310 1399 1333 res
1426 1310 1506 1333 cum

222 1350 274 1385 ita
300 1355 431 1396 essent,
459 1352 708 1387 sacerdotibus
724 1352 967 1398 ingratissima
987 1364 1064 1387 esse
1083 1352 1261 1387 debebant
1278 1357 1507 1388 monumenta

222 1404 284 1438 illa
309 1405 507 1450 praeclara,
534 1417 627 1450 quae
645 1410 681 1440 et
699 1404 887 1451 Olympiae
906 1409 942 1440 et
959 1405 1113 1451 Delphis
1131 1406 1293 1440 omnibus
1311 1407 1508 1441 narrabant

223 1457 267 1491 de
293 1458 462 1502 amicitia,
497 1470 588 1503 quae
622 1460 785 1504 tyrannis
820 1471 899 1493 cum
935 1458 1079 1494 oraculo
1113 1459 1246 1493 fuisset.
1297 1458 1507 1494 Herodotus

221 1510 343 1554 tradit,
383 1512 479 1556 quod
517 1512 714 1547 remedium
739 1512 874 1557 Delphi
908 1513 991 1546 huic
1024 1513 1077 1546 rei
1109 1512 1324 1546 invenerint:
1364 1513 1506 1557 tyranni

221 1564 412 1599 thesaurus
451 1565 583 1610 populo
624 1564 855 1600 Corinthiaco
894 1566 1088 1600 attributus
1127 1564 1224 1611 est.²)
1266 1565 1347 1600 Elei
1385 1569 1505 1600 autem

222 1617 350 1652 similia
388 1618 615 1664 denegabant
625 1618 654 1665 2)
693 1630 808 1665 neque
848 1620 991 1654 omnino
1029 1618 1120 1654 falsa
1157 1619 1341 1663 inscriptio
1385 1619 1506 1653 delere

221 1671 340 1715 potuit
373 1673 581 1707 memoriam
615 1673 855 1718 lepidissimae
888 1673 984 1708 illius
1018 1672 1242 1717 historiolae,
1282 1673 1338 1707 cui
1372 1673 1506 1719 κυψὲλη

220 1723 434 1770 Olympiaca
460 1727 664 1761 testimonio
692 1730 781 1762 erat.
820 1726 880 1762 Ita
905 1727 955 1761 nil
981 1726 1249 1771 relinquebatur
1288 1726 1346 1760 dei
1385 1726 1506 1761 defen-

220 1778 361 1814 soribus
388 1780 455 1815 nisi
481 1780 593 1825 ipsius
620 1780 790 1816 historiae
815 1781 978 1816 mutatio.
1014 1780 1219 1824 Videamus,
1247 1783 1505 1825 procuratorne

219 1832 400 1878 Apollinis
424 1833 637 1870 Herodotus
664 1835 770 1870 etiam
796 1835 855 1870 hic
880 1835 999 1870 fuerit.

316 1885 421 1931 Quae
447 1891 641 1922 narrantur
660 1889 705 1924 V.
720 1890 766 1923 92
795 1888 838 1923 de
858 1887 1003 1933 Cypseli
1027 1887 1188 1931 infantia,
1215 1898 1287 1921 una
1314 1898 1358 1921 ex
1383 1887 1505 1922 multis

217 1939 287 1974 illis
313 1941 579 1976 narrationibus
607 1945 670 1983 est,
705 1953 796 1987 quae
830 1942 1050 1977 iuventutem
1083 1940 1349 1986 praeclarorum
1380 1952 1505 1986 regum

217 1994 304 2028 mire
332 1997 368 2029 et
393 1994 556 2030 fabulose
583 1995 765 2031 illustrare
793 1996 924 2030 solent:
951 1996 1085 2030 infante
1112 1999 1196 2029 nato
1224 1994 1432 2030 vaticinatio
1460 1995 1504 2030 de

219 2047 343 2082 futura
369 2048 446 2083 eius
471 2048 586 2093 gloria
612 2049 812 2094 profertur3
838 2050 971 2084 inimici
998 2061 1039 2084 ea
1065 2048 1111 2083 ad
1137 2048 1286 2083 insidias
1313 2048 1505 2084 struendas

216 2101 457 2145 impelluntur,
484 2113 575 2147 quae
594 2114 680 2138 casu
698 2103 852 2138 mirabili
860 2103 888 2150 ³)
902 2103 1025 2138 irritae
1043 2101 1142 2136 fiunt.
1170 2101 1287 2136 Nemo
1306 2114 1379 2137 non
1396 2102 1503 2145 videt,

314 2184 339 2221 1)
359 2183 377 2212 Ι
399 2185 448 2214 14:
472 2185 610 2222 „dlvfflec
632 2186 665 2214 δὲ
686 2186 772 2224 λόγῳ
794 2188 963 2224 χρεωμένῳ
993 2186 1030 2213 οὐ
1051 2183 1241 2223 Κορινθίων
1269 2188 1322 2212 τοῦ
1350 2185 1504 2222 δημοσίου

215 2229 279 2255 ἐστὶ
301 2230 317 2255 ὁ
338 2228 510 2267 θησαυρός,
532 2229 622 2257 ἀλλὰ
642 2230 804 2267 Κυψέλου
826 2234 879 2257 τοῦ
901 2230 1090 2264 Ἠετίωνος.“

312 2271 339 2308 2)
360 2271 396 2300 cf.
418 2270 547 2300 Pausan.
568 2271 599 2301 V
620 2274 648 2310 2,
668 2274 696 2302 3.
737 2272 815 2301 Plut.
838 2273 875 2301 de
897 2272 985 2309 Pyth.
1006 2281 1048 2300 or.
1071 2272 1117 2302 13.

311 2314 338 2354 ³)
361 2317 432 2353 „tou
453 2316 592 2352 λαβόντα
614 2321 674 2346 τῶν
695 2317 819 2354 ἀνδρῶν
839 2317 914 2356 θείῃ
936 2319 1012 2356 τύχῃ
1041 2317 1258 2355 προσεγέλασε
1285 2317 1317 2345 τὸ
1346 2317 1502 2345 παιδίον.“

1446 2377 1463 2396 9
