1770 2769
762 104 1005 138 -65—

237 211 356 245 autem
383 220 506 244 eorum
533 207 577 244 ab
605 208 785 256 indigenis
811 209 957 246 inventa
984 220 1062 245 esse
1081 208 1256 254 videntur,
1275 209 1337 255 qui
1355 209 1528 257 originem

237 263 417 309 explicare
445 263 641 308 cupiebant
666 275 786 298 rerum
820 274 1002 299 sacrarum
1035 263 1216 307 mirarum,
1243 263 1341 299 velut
1374 264 1530 309 sepulcri

237 320 379 351 centum
406 315 711 362 Oresthasiorum,
739 317 800 363 qui
826 316 1013 362 Phigaliae
1040 316 1297 364 colebantur.¹)

335 380 531 416 Oraculum
557 381 744 426 politicum
772 382 801 416 si
828 381 948 416 fictum
976 392 1053 416 esse
1080 381 1251 426 videmus,
1279 381 1523 426 quaerendum

236 435 340 468 nobis
367 438 433 479 est,
460 435 517 468 cui
535 434 723 478 profuerit.
750 435 885 479 Delphi
912 435 1005 468 enim
1031 445 1104 468 non
1122 434 1188 468 soli
1207 437 1320 477 erant,
1340 435 1401 480 qui
1420 434 1529 468 verba

237 487 357 523 divina
382 487 611 534 impudenter
645 488 1008 525 comminiscerentur.
1062 487 1262 534 Aleuadae,
1289 491 1330 524 ut
1354 487 1530 524 nonnulla

237 542 384 577 afferam
427 542 602 587 exempla,
646 541 835 586 finxerant,
879 554 971 587 quae
1014 545 1139 577 narrat
1181 541 1399 577 Plutarchus
1411 541 1439 587 ²)
1482 543 1528 577 de

236 595 381 630 oraculo
415 596 604 641 imperium
636 595 705 631 sibi
744 595 938 637 sanciente,
977 594 1220 631 Athenienses
1260 595 1443 630 oraculum
1483 595 1530 631 ad

237 648 427 684 Salaminis
464 650 766 695 expugnationem
799 650 994 696 pertinens,
1004 648 1033 696 ³)
1069 648 1178 685 factio
1213 649 1390 695 quaedam
1414 649 1529 685 Athe-

237 704 372 738 niensis
399 715 533 746 versus,
563 704 624 748 qui
652 703 821 750 Solonem
847 703 894 737 ad
926 703 1152 747 tyrannidem
1188 703 1433 748 occupandam
1465 703 1529 737 im-

235 756 462 801 pellebant.⁴)
520 756 709 791 Facillime
728 756 949 802 deprehendi
966 759 1117 801 possunt
1135 756 1355 791 diversarum
1372 757 1529 801 partium

235 822 362 845 manus
380 810 556 845 bellorum
576 810 885 845 Messeniacorum
902 809 1088 844 historiam
1107 810 1261 845 oraculis
1279 809 1527 845 refercientes:

236 863 405 908 Oracula,
434 876 525 909 quae
553 863 755 899 Pausanias
781 863 902 908 tradit,
929 864 1074 898 inventa
1101 867 1184 899 sunt
1210 875 1229 898 e
1255 875 1293 899 re
1317 863 1529 899 Neomesse-

236 917 424 964 niorum‚⁵)
464 929 483 952 e
525 917 826 963 Spartanorumss)
867 929 919 962 ea,
969 929 1061 962 quae
1099 916 1206 952 affert
1242 918 1435 962 Isocrates,
1485 930 1528 952 cx

235 972 515 1007 Atheniensium
551 971 651 1014 illud,
691 971 787 1017 quod
823 971 866 1006 de
899 971 1055 1017 Tyrtaeo
1090 971 1305 1006 arcessendo
1344 970 1463 1017 agit7),
1510 984 1529 1006 e

235 1025 500 1060 Messeniorum
532 1025 780 1070 Rheginorum
807 1024 906 1070 illud,
938 1024 1033 1071 quod
1068 1024 1163 1070 apud
1196 1023 1410 1060 Strabonem
1445 1025 1529 1070 legi—

235 1079 358 1125 mus.⁸)

334 1143 455 1178 Etiam
482 1142 525 1177 de
554 1142 676 1177 multis
702 1142 773 1177 illis
801 1142 930 1177 fabulis
956 1141 1161 1184 moralibus,
1189 1154 1294 1188 quae,
1325 1142 1423 1177 velut
1448 1154 1529 1177 nar-

235 1197 327 1231 ratio
355 1196 417 1231 illa
449 1196 493 1232 de
522 1195 664 1232 Glauco
701 1197 862 1242 sapiente
890 1195 1041 1241 Spartae
1076 1196 1230 1242 vulgata,
1266 1208 1346 1231 cum
1380 1196 1529 1231 oraculo

235 1251 354 1294 aliquo
373 1250 552 1294 Delphico
581 1251 787 1293 cohaerent,
814 1262 898 1283 num
926 1253 1061 1284 certum
1080 1250 1280 1294 Delphicae
1304 1250 1449 1294 originis
1475 1251 1528 1284 in-

334 1387 356 1423 ¹)
377 1386 508 1415 Pausan.
531 1386 615 1416 VIII
635 1388 684 1424 39,
705 1388 724 1417 3
745 1396 789 1423 sq.
811 1387 858 1423 41,
881 1387 906 1416 1.

333 1440 360 1477 2)
383 1439 462 1469 Plut.
485 1440 522 1469 de
543 1440 612 1469 frat.
635 1449 692 1468 arn.
715 1440 762 1470 21.

329 1493 359 1531 3)
382 1494 461 1523 Plut.
484 1494 576 1523 Solon
598 1496 626 1530 9,
648 1493 686 1522 cf.
709 1493 863 1530 Toepffer:
908 1493 1105 1531 Quaestiones
1135 1494 1327 1523 Pisistrateae
1357 1505 1384 1532 p.
1407 1495 1445 1525 26
1475 1505 1527 1532 sq„

239 1537 300 1573 ubi,
322 1547 375 1566 cur
395 1538 498 1566 fictum
521 1547 587 1567 esse
609 1538 666 1566 hoc
688 1538 842 1565 oraculum
865 1537 1055 1566 iudicandum
1077 1538 1124 1572 sit,
1145 1538 1376 1568 demonstratur.

331 1591 358 1629 4)
382 1591 459 1620 Plut.
481 1591 575 1620 Solon
598 1592 644 1621 11.

329 1646 353 1682 5)
376 1645 504 1675 Pausan.
526 1646 577 1674 lib.
601 1645 649 1674 IV
671 1645 708 1674 cf.
730 1645 838 1674 Busolt
859 1645 893 1674 12
914 1656 942 1682 p.
963 1647 1036 1676 580:
1083 1645 1150 1683 „die
1178 1656 1237 1675 von
1259 1646 1318 1675 den
1340 1647 1525 1675 Messeniern

237 1700 289 1718 zur
309 1690 566 1727 Verherrlichung
587 1689 669 1718 ihrcs
690 1689 891 1719 Vaterlandes
919 1689 1102 1718 ersundenen
1123 1689 1242 1727 Sagen“
1272 1700 1297 1719 c.
1320 1700 1386 1719 ann.
1408 1692 1427 1720 5
1456 1691 1522 1728 „die

234 1733 403 1763 Messenier
417 1734 604 1771 unterliegcn
619 1733 704 1762 nicht
718 1733 813 1762 durch
828 1733 876 1761 dic
892 1733 1122 1771 Waffengewalt
1136 1734 1190 1762 der
1205 1733 1379 1771 Spartaner,
1395 1735 1524 1763 sondern

233 1778 327 1806 durch
349 1778 515 1816 giittlichen
536 1777 737 1807 Rathschluss
760 1777 821 1806 und
845 1777 935 1807 Listf‘

331 1832 357 1867 (ἲ)
380 1832 471 1860 Isocr.
493 1832 698 1860 Archidamus
720 1833 763 1868 (6)
785 1832 832 1866 23,
853 1832 906 1861 31:
948 1832 1021 1860 deus
1051 1832 1214 1869 Delphicus
1240 1832 1324 1861 iubet
1352 1833 1526 1870 Spartanos,

232 1876 343 1904 donum
371 1876 535 1904 liberorum
557 1875 763 1912 Cresphontis,
785 1875 979 1910 Messeniam,
1009 1876 1145 1913 accipere
1175 1879 1265 1913 atque
1293 1877 1372 1905 bona
1399 1877 1525 1905 consilia

233 1920 305 1957 ipsis
326 1920 507 1948 bellantibus
529 1920 591 1956 dat,
613 1919 772 1948 Messeniis
794 1922 893 1958 negat.

330 1975 356 2012 ⁷)
379 1974 417 2002 cf.
438 1974 546 2003 Busolt
566 1974 601 2002 Ι2
622 1984 650 2011 p.
673 1975 731 2004 607
753 1983 820 2003 ann.
842 1975 860 2003 3
881 1976 912 2002 et
932 1984 962 2011 p.
982 1975 1048 2005 608.

331 2029 357 2064 ὃ)
380 2027 490 2057 Strabo
512 2028 556 2057 VJ
582 2038 610 2065 p.
633 2029 707 2059 257:
743 2027 886 2057 Messenii
900 2027 1032 2066 Rhegini
1052 2024 1212 2066 progenies
1234 2031 1320 2058 erant
1340 2038 1454 2065 eorum,
1476 2028 1527 2066 qui

231 2072 391 2109 Spartanis
414 2072 587 2102 satisfacere
603 2073 759 2110 cupientes
780 2082 798 2100 a
818 2072 1012 2109 popularibus
1033 2073 1149 2110 expulsi
1170 2075 1263 2103 erant.
1285 2072 1366 2102 Deus
1381 2083 1431 2102 eos
1445 2072 1526 2102 Rhe-

231 2117 314 2153 gium
335 2117 418 2144 misit
439 2117 556 2145 verbis:
580 2118 635 2153 „⁰13
657 2118 717 2155 γὰρ
738 2116 948 2145 ἀπολωλέναι
963 2118 1077 2153 αὐῑοὺς
1097 2117 1187 2145 ἀλλὰ
1203 2117 1363 2145 σεσῶσθαι
1385 2117 1526 2155 μέλλον-

232 2162 284 2196 τάς
305 2172 340 2198 γε
363 2160 399 2197 δὴ
420 2162 466 2198 μὴ
488 2160 831 2198 συναφανισθήσεσθαι
854 2164 888 2198 τῇ
910 2160 1036 2198 πατρίδι
1052 2161 1243 2199 ἀλωσομένῃ
1263 2162 1382 2199 μικρὸν
1398 2162 1529 2199 ὕστερον

232 2205 294 2231 ὑπὸ
316 2204 551 2242 Σπαρτιατῶν.“
588 2203 624 2232 cf.
647 2203 755 2232 Busolt
775 2203 815 2232 Ι.2
836 2214 863 2240 p.
891 2204 948 2234 397
970 2212 1052 2232 amr:
1075 2204 1148 2240 „Die
1172 2203 1355 2242 Erzahlung,
1381 2204 1451 2232 dass
1477 2203 1526 2232 die

232 2247 400 2275 Messenier
421 2248 451 2275 in
472 2247 612 2285 Rhegion
634 2257 693 2276 von
714 2247 768 2276 der
789 2247 889 2276 Partei
911 2247 1137 2285 herstammten,
1158 2248 1206 2276 die
1228 2247 1454 2286 Genugthuung
1474 2257 1525 2286 ge-

231 2291 288 2320 ben
311 2292 420 2329 wollte,
441 2292 541 2321 diirfte
565 2293 593 2320 in
615 2292 753 2329 Rhegion
777 2293 869 2321 selbst
891 2292 1070 2321 entstanden
1092 2293 1180 2324 sein.“
