1770 2769
737 118 979 152 -45-..

698 223 868 260 CAPUT
895 224 1005 260 VIII.

563 311 641 355 De
672 312 828 355 rebus
861 310 1141 355 Arcadieis.

309 420 445 455 Narrat
461 418 671 454 Herodotus
688 419 709 453 I
728 420 792 463 66,
819 419 1126 454 Lacedaemonios
1153 418 1410 453 consultavisse
1428 418 1498 463 Py-

213 474 322 508 thiam
350 474 393 508 (le
420 473 580 508 Arcadia
606 472 842 518 expugnanda
869 477 906 508 et
931 485 1141 519 responsum
1167 473 1347 517 accepisse
1375 472 1458 507 hoc:
1476 471 1498 518 ¹)

392 522 592 573 „HQ-audini!
616 524 791 570 μάἰτεῖς·
805 528 896 572 μέγα
920 525 1096 570 μάἰτεῑς·
1112 522 1153 561 01’2'
1179 539 1235 560 τοι
1261 524 1375 560 δώσω.

391 580 515 615 πολλοὶ
542 578 578 615 ἐν
600 575 756 628 Ἀρκαδίῃ
781 579 1025 628 βαλανηφάγοι
1050 576 1172 627 ἄνδρες
1198 578 1307 623 ἔασιν,

389 630 425 670 οἵ
448 630 858 680 σ’ἄποκιυλύσουσιν·ἐγιὺ
884 634 921 670 δέ
945 648 1002 669 τοι
1029 632 1105 670 οὔτι
1129 636 1286 682 μεγαίρω

390 687 495 722 ὁιόσω
520 701 576 722 τοι
606 689 731 734 Τεγέην
756 690 990 733 ποσσίκροτον
1016 684 1239 735 ὀρχήσασθαι

389 741 448 776 καὶ
474 740 578 776 καλὸν
603 740 726 776 πεδίον
751 743 878 788 σχοίνῳ
905 741 1245 789 ὁιαμετρήσασθαι.“

311 797 471 831 Eventus
498 796 633 830 oraculi
659 801 753 830 erat:
781 796 1058 831 Lacedaemonii
1080 797 1163 831 victi
1181 801 1216 831 et
1233 796 1328 841 capti
1348 797 1498 841 ῃσχοίνῳ

212 848 527 896 διαμετρησάμενοι
552 848 594 884 τὸ
619 849 742 885 πεδίον
758 848 800 884 τὸ
820 849 1015 897 Τεγεητέων
1033 848 1251 896 ἐργάζοντο.“
1292 849 1409 884 Nemo
1427 861 1498 883 non

213 904 309 939 videt
336 904 428 939 hanc
453 903 658 938 ultimorum
684 915 850 938 versuum
876 903 1148 949 explicationem
1167 915 1244 939 esse
1263 903 1497 938 durissimam.

213 958 358 1003 Optimo
397 959 474 992 iure
501 956 778 992 Lacedaemonii
817 958 885 992 hoc
919 958 1063 992 oraculo
1098 958 1222 992 confisi
1257 961 1498 1002 speraverant,

213 1011 474 1046 Messeniorum
509 1016 641 1045 sortem
675 1011 781 1046 etiam
809 1010 977 1056 Tegeatis
1011 1010 1098 1047 fore.
1142 1006 1409 1058 ,,ὀρχήσασθαι“
1445 1014 1500 1044 est

214 1065 345 1100 saltare
372 1076 488 1110 neque
514 1064 578 1099 ulli
604 1065 738 1100 homini
771 1065 807 1099 in
826 1063 997 1101 'mentem
1024 1066 1142 1100 venire
1176 1065 1293 1110 potuit
1327 1065 1500 1109 interpre-

213 1120 302 1154 tatio
340 1119 485 1161 „hortos
521 1119 659 1154 colere“
696 1119 741 1154 ab
780 1115 922 1165 ,,ὅρχος“
961 1119 1137 1164 derivata3
1176 1118 1392 1164 impediebat
1429 1118 1499 1152 iam

213 1173 301 1207 illud
331 1174 630 1219 ,,πυσσι’κροτον,“-
650 1172 745 1217 quod
771 1173 969 1217 epithetum
997 1176 1052 1208 est
1077 1176 1199 1218 aptum
1225 1184 1295 1207 non
1314 1172 1418 1206 horto
1437 1171 1500 1206 sed

214 1226 432 1262 orchestrae.
475 1225 528 1260 Hi
560 1227 671 1271 igitur
703 1237 826 1261 versus
859 1226 1033 1272 reliquiae
1068 1230 1151 1262 sunt
1177 1226 1313 1261 oraculi
1344 1225 1498 1272 genuini,

214 1280 310 1326 quod
344 1284 468 1315 contra
503 1292 601 1326 spem
635 1280 861 1326 Delphorum
896 1282 1023 1319 evenit.
1074 1281 1158 1316 Non
1191 1280 1285 1315 idem
1312 1279 1499 1315 dicendum

215 1338 269 1370 est
295 1334 338 1369 de
364 1335 482 1369 tribus
508 1334 670 1369 versibus
696 1335 1002 1370 antecedentibus.
1036 1335 1227 1378 Modestia,
1255 1345 1359 1379 quam
1385 1334 1501 1379 poscit

208 1389 271 1423 ‘hic
297 1388 429 1434 Pythia
455 1400 477 1423 a
503 1386 703 1434 Spartanis,
730 1392 814 1424 ante
841 1389 1005 1434 quintum
1032 1389 1213 1425 saeculum
1247 1389 1297 1423 eis
1325 1399 1500 1423 commen-

214 1444 299 1478 data
326 1455 403 1478 esse
430 1444 565 1487 nequit.
591 1442 869 1478 Heraclidarum
895 1444 1038 1488 mythus
1063 1443 1267 1478 testimonio
1295 1446 1360 1486 est,
1386 1445 1500 1476 totam

214 1496 503 1541 Peloponnesum
529 1508 550 1530 a
577 1496 814 1531 Doriensibus
840 1497 1037 1542 appetitam
1064 1508 1152 1532 esse.
1181 1495 1395 1541 Delphicum
1422 1506 1501 1529 ora-

215 1550 333 1585 culum
358 1550 511 1585 incitans
539 1553 638 1585 sexto
665 1550 809 1585 saeculo
836 1550 1142 1586 Lacedaemonios
1168 1554 1293 1585 contra
1323 1549 1500 1594 Tegeatas

215 1605 271 1639 vix
298 1604 349 1639 eis
375 1604 618 1650 praescripsit,
652 1608 693 1639 ut
727 1604 872 1640 dimidio
908 1604 1003 1640 facto
1038 1605 1196 1640 contenti
1233 1604 1454 1639 abstinerent
1480 1614 1502 1637 a

213 1659 495 1693 Mantinensium
523 1662 559 1693 et
577 1657 897 1694 Orchomeniorum
919 1659 1027 1705 agris.
1056 1657 1210 1694 Causam
1229 1669 1299 1693 non
1318 1657 1502 1693 habebant

215 1713 360 1759 Delphi,
395 1725 459 1748 cur
486 1713 781 1749 Lacedaemoniis
807 1714 844 1748 in
870 1713 1034 1749 Arcades
1060 1725 1131 1749 non
1158 1713 1281 1748 eadem
1314 1712 1502 1747 latrocinia

215 1779 319 1813 quam
348 1768 384 1801 in
411 1767 613 1802 Messenios
639 1768 900 1812 permitterent.
953 1767 1155 1803 Prudentes
1180 1767 1232 1801 illi
1258 1778 1394 1811 versus,
1422 1777 1502 1800 cum

214 1821 382 1856 Athenae
410 1824 623 1865 crescerent,
652 1821 793 1856 demum
819 1821 894 1856 ficti
920 1833 999 1856 esse
1026 1821 1199 1863 videntur,
1240 1824 1281 1855 ut
1306 1823 1504 1865 purgarent

215 1875 318 1909 deum
347 1886 369 1908 a
395 1874 541 1908 crimine
567 1874 746 1909 inutilium
773 1875 1050 1909 concitationum
1076 1878 1200 1909 contra
1225 1873 1392 1907 Arcades
1422 1884 1504 1917 pro-

214 1929 378 1963 latarum.
433 1928 502 1964 Vix
541 1940 711 1972 erramus,
751 1929 781 1963 si
806 1928 1076 1974 philodelphum
1101 1928 1280 1963 Herodoti
1318 1930 1503 1962 auctorem

216 1983 323 2018 etiam
348 1982 405 2017 hic
433 1994 510 2017 esse
537 1994 732 2018 censemus.
769 1982 887 2020 Valde
912 1994 1058 2018 necesse
1086 1985 1173 2025 erat,
1201 1985 1241 2016 ut
1259 1981 1303 2016 de
1322 1981 1376 2015 his
1394 1980 1503 2016 rebus

215 2036 350 2082 aliquid
375 2037 412 2071 in
431 2036 611 2082 Apollinis
638 2036 787 2082 gloriam
811 2040 1084 2083 propagaretur.
1120 2034 1280 2071 Catenae
1308 2046 1503 2080 suspensae

214 2093 251 2126 in
278 2091 510 2126 celeberrimo
537 2090 723 2126 Minervae
749 2090 865 2126 Aleae
892 2090 1026 2136 templo
1060 2101 1140 2125 eum
1175 2090 1331 2135 graviter
1357 2101 1502 2124 accusa-

216 2146 316 2181 bant.
368 2146 400 2180 Ε
431 2144 701 2180 difficultatibus
736 2157 774 2180 se
802 2145 981 2190 expedivit
1012 2144 1180 2179 falsarius
1205 2144 1344 2189 fingens
1371 2156 1504 2188 versus,

216 2200 275 2244 qui
304 2200 457 2244 genuino
483 2199 534 2233 illi
561 2198 705 2233 oraculo
739 2199 840 2234 fatali
870 2198 1030 2233 adiuncti
1069 2197 1368 2244 demonstrarent,
1404 2202 1504 2232 sexto

316 2287 337 2313 ἰ
361 2284 532 2321 Sehubring
553 2289 596 2321 (p.
618 2285 667 2321 67)
688 2284 726 2313 de
746 2284 867 2313 oraculo
888 2284 925 2320 (c.
946 2284 998 2320 66)
1020 2283 1102 2319 dicit,
1118 2292 1220 2312 versus
1235 2284 1253 2312 2
1268 2286 1299 2312 et
1313 2284 1331 2313 3
1345 2282 1506 2320 genuinos,

215 2333 330 2357 ceteros
352 2329 443 2357 falsos
465 2337 539 2357 esse.
