1770 2769
722 130 1015 164 '-43-

245 239 349 274 abest
375 251 396 273 a
422 237 586 282 Delphis,
614 249 684 282 quo
711 237 932 272 consultores
960 249 1002 271 ex
1028 241 1105 272 toto
1132 237 1216 271 orbe
1244 241 1422 272 terrarum
1450 249 1531 272 con-

245 292 446 327 veniebant.
474 291 607 336 Etiam,
625 290 720 335 quod
737 290 861 325 nobis
887 291 992 324 metri
1009 291 1158 325 variatio
1176 291 1266 324 mira
1285 302 1362 324 esse
1381 289 1531 333 videtur,

244 357 319 380 rem
359 356 430 379 non
469 344 573 387 tollit,
614 354 729 388 neque
767 343 907 378 facilius
948 343 1117 387 explicari
1150 347 1270 387 potest
1307 343 1532 377 falsariorum

245 397 470 434 Cretensium
495 397 617 442 lapsus
651 408 693 432 eo
732 396 851 442 „quod
878 400 914 431 et
938 396 976 431 in
1001 396 1113 432 Jonia
1149 396 1343 441 insulisque
1381 396 1532 431 trimetri

243 451 385 487 iambici
411 451 583 496 imprimis
602 450 754 485 adhibiti
772 453 865 493 sunt,
892 453 933 485 ut
949 450 1218 495 proverbiorum
1235 450 1349 485 instar
1366 450 1532 496 (quorum

244 505 358 540 forma
384 505 530 550 propria
555 504 664 539 iambi
690 503 821 550 erant‚)
849 504 957 538 etiam
983 504 1128 538 oracula
1153 503 1256 538 facile
1282 507 1429 548 possent
1447 503 1532 549 fingi

245 563 281 594 et
307 558 403 604 quod
429 558 526 593 haud
552 570 634 593 raro
661 570 683 592 a
707 558 823 603 poetis
850 560 886 592 et
911 557 1059 603 tragicis
1086 561 1123 592 et
1148 558 1290 592 comicis
1326 557 1470 592 oracula
1495 558 1531 591 in

244 613 395 648 trimetri
434 612 583 647 formam
621 611 769 647 redacta
807 612 924 649 sunt.“
959 610 1083 646 Medio
1122 611 1196 646 fere
1230 611 1354 656 quinto
1389 611 1531 646 saeculo

243 670 430 712 poetarum
455 666 661 700 Ionicorum
687 668 724 700 et
748 665 955 700 Atticorum
996 665 1191 700 auctoritas
1218 665 1314 710 apud
1340 664 1531 700 Cretenses

243 721 300 755 vix
326 724 427 755 tanta
461 724 549 764 erat,
576 723 617 754 ut
643 731 685 754 ea
711 719 841 754 adduci
866 724 1014 764 possent
1048 718 1094 753 ad
1119 719 1227 754 talem
1254 730 1421 754 errorem.
1473 719 1532 753 Ita

244 786 309 819 ego
343 785 415 808 non
450 773 565 808 audeo
600 776 726 807 contra
759 773 886 807 horum
921 784 1087 807 versuum
1121 773 1293 818 originem
1318 772 1532 817 Delphicam

243 832 396 862 metrum
414 827 605 862 iambicum
624 826 764 861 afferre.
789 825 957 861 Alterum
975 826 1163 861 Pomtowii
1189 830 1434 872 argumentum
1460 838 1531 861 non

244 881 379 915 firmius
399 885 463 916 est.
491 880 592 915 Dicit
608 893 643 925 p.
660 882 723 915 24:
750 907 770 925 ‚‚
787 909 795 916 .
811 911 819 918 .
835 906 843 914 .
859 879 999 915 accedit
1016 881 1277 925 gravissimum,
1303 880 1397 925 quod
1415 880 1532 915 Hero-

244 935 349 969 dotus
383 934 551 980 Pythiam
585 934 671 969 facit
705 934 956 968 admonentem
983 932 1176 969 Cretenses
1211 934 1340 969 veteris
1374 934 1468 968 illius
1494 934 1530 967 in

245 987 402 1022 Siciliam
440 988 676 1032 expeditionis
716 999 737 1022 a
774 987 968 1021 maioribus
1006 991 1048 1022 ut
1073 987 1206 1022 Minois
1245 992 1394 1022 mortem
1429 987 1532 1022 ulcis-

245 1046 413 1076 cerentur
439 1041 506 1075 dei
531 1041 650 1075 iussu
670 1044 870 1085 susceptae3
889 1052 996 1085 quam
1014 1044 1165 1085 constat,
1183 1045 1255 1075 tam
1274 1040 1406 1075 infelici
1424 1040 1531 1075 fuisse

246 1095 353 1138 exitu,
393 1099 433 1130 ut
473 1106 551 1130 cum
580 1094 764 1130 Camicum
803 1094 927 1130 urbem
963 1107 1029 1140 per
1062 1095 1218 1140 quinque
1252 1106 1365 1130 annos
1398 1094 1531 1130 frustra

245 1160 451 1194 expugnare
488 1149 607 1184 conati
642 1154 771 1191 essent,
812 1160 915 1183 nemo
951 1160 1074 1183 eorum
1108 1159 1276 1193 umquam
1309 1149 1345 1183 in
1380 1148 1532 1193 patriam

246 1202 392 1239 rediret.
436 1203 530 1239 Num
559 1202 692 1248 Pythia
725 1202 807 1238 talis
842 1206 990 1238 eventus
1025 1202 1206 1238 oraculum
1236 1201 1469 1238 Cretensibus
1494 1202 1531 1237 in

245 1258 452 1292 memoriam
485 1268 671 1292 revocasse
707 1257 778 1291 ullo
811 1256 918 1292 modo
951 1257 1049 1291 credi
1083 1257 1248 1302 potest‘?“
1291 1255 1345 1291 At
1379 1257 1531 1301 primum

242 1322 313 1345 non
333 1310 476 1356 dicitur,
496 1310 617 1345 deum
635 1310 893 1355 Delphicum
920 1310 1062 1345 dedisse
1079 1310 1167 1344 illud
1186 1309 1380 1353 oraculum,
1400 1309 1528 1344 deinde

245 1365 360 1399 exitus
388 1364 626 1410 expeditionis
651 1376 723 1399 non
749 1363 874 1399 infelix
902 1367 989 1408 erat,
1016 1364 1112 1409 quod
1137 1375 1209 1399 non
1235 1363 1420 1406 redierunt
1446 1362 1532 1398 Cre-

244 1422 365 1453 tenses
383 1418 638 1464 (condiderunt
655 1418 760 1462 enim,
783 1422 825 1453 ut
841 1422 966 1453 narrat
982 1418 1192 1453 Herodotus
1210 1430 1238 1453 c.
1260 1419 1339 1461 170,
1365 1417 1531 1463 Iapygio-

243 1484 321 1506 rum
340 1483 382 1507 ac
401 1471 666 1517 Messapiorum
684 1472 792 1506 urbes
812 1470 1047 1516 Graecosque
1070 1472 1287 1514 devicerunt,
1315 1468 1406 1506 ὥστε
1424 1470 1533 1518 φόνος

242 1522 436 1573 Ἑλληνικὸς
461 1528 628 1572 μέγιστος
654 1519 755 1567 οὗτος
780 1524 821 1573 δὴ
847 1523 983 1572 ἐγένετο
1008 1530 1079 1561 τῶν
1106 1521 1207 1573 ἡμεῖς
1238 1524 1375 1572 ἰ’δμεν“)
1402 1524 1531 1560 deinde

243 1580 412 1625 Pythiam
453 1582 496 1615 de
536 1581 591 1615 his
629 1580 737 1615 rebus
777 1580 942 1624 mythicis
989 1592 1083 1615 anno
1121 1582 1188 1615 481
1233 1580 1304 1614 alia
1339 1579 1531 1624 protulisse

244 1646 350 1679 quam
379 1633 572 1670 Cretenses
598 1633 782 1669 Herodoti
820 1633 1042 1679 temporibus
1080 1633 1183 1669 facile
1218 1633 1367 1678 cogitari
1400 1637 1530 1678 potest.

243 1688 409 1732 Accedit,
438 1688 533 1733 quod
560 1688 604 1723 de
631 1687 740 1723 rebus
769 1689 891 1734 7,τρίτῃ
916 1691 1035 1734 γενεῇ“
1069 1691 1151 1722 ante
1177 1686 1309 1722 bellum
1335 1686 1531 1722 Troianum

244 1742 354 1787 gestis
369 1744 512 1777 omnino
527 1742 617 1777 nihil
638 1745 836 1787 „constat.“
864 1742 925 1776 Ita
942 1741 1014 1785 illo,
1037 1744 1148 1786 „3605
1166 1752 1233 1788 σφι
1252 1739 1529 1787 ἐποτρύναντος“

245 1807 315 1829 non
342 1796 529 1840 probatur,
559 1795 753 1831 Cretenses
788 1795 885 1839 ipsos
918 1793 1061 1829 finxisse
1096 1795 1163 1829 hoc
1196 1794 1380 1830 oraculum
1405 1806 1533 1839 parum

243 1848 521 1895 philograecum.

344 1902 532 1948 Sophoclis
559 1903 717 1939 fabulam
738 1904 951 1949 „Kopai-,now
979 1902 1111 1937 fontem
1134 1902 1240 1937 huius
1258 1902 1393 1937 oraculi
1411 1902 1532 1945 fuisse,

243 1957 446 2001 negandum
474 1962 538 1998 est,
567 1957 662 2002 quod
693 1957 730 1991 in
757 1955 954 2002 tragoedia,
990 1956 1089 1990 cuius
1123 1960 1371 2001 argumentum
1397 1956 1533 1991 Minois

242 2022 336 2045 mors
363 2010 472 2046 fuisse
499 2010 682 2056 videtur,²)
709 2009 806 2045 nullo
833 2008 939 2044 modo
967 2009 1133 2044 collocari
1158 2013 1288 2055 potest.

343 2063 490 2100 Oraculi
517 2070 629 2100 testes
657 2064 798 2099 Praesii
823 2063 1011 2098 Herodoto
1046 2063 1155 2099 fuisse
1183 2064 1359 2109 videntur,
1395 2069 1434 2099 ut
1461 2064 1531 2099 effi-

243 2118 335 2153 citur
362 2130 403 2153 ex
430 2131 459 2155 c.
482 2118 593 2165 171.²)

342 2172 425 2208 Non
452 2173 565 2209 multa
592 2171 757 2208 facienda
783 2174 866 2206 sunt
892 2169 1000 2205 verba
1026 2170 1070 2206 de
1097 2171 1243 2207 oraculo
1262 2172 1408 2218 Argivis
1436 2172 1531 2214 dato,

245 2227 341 2272 quod
368 2231 622 2263 commemorat
646 2225 855 2261 Herodotus
882 2224 959 2260 VII
986 2227 1071 2260 148:

341 2320 366 2350 1)
389 2320 426 2349 cf.
450 2319 565 2348 Nauck.
588 2322 686 2356 tragg.
708 2327 751 2355 gr.
773 2316 809 2345 fr.
833 2326 855 2344 s.
877 2326 904 2345 v.
927 2317 1096 2355 Καμίκιοι.

340 2363 366 2401 2)
388 2363 425 2392 cf.
447 2363 614 2401 Pomptow.
635 2363 653 2391 l.
674 2363 694 2391 l.
715 2371 744 2398 p.
766 2361 812 2390 25.
