1770 2769
219 211 283 256 μὲν
309 211 376 259 γὰρ
402 208 490 260 αὐτῇ
516 217 560 260 τῇ
588 215 808 260 προσηγορίᾳ
834 217 896 248 τοῦ
914 214 1088 259 βασιλέως
1112 208 1325 260 ἀρκούμενον
1352 211 1518 256 ἐπιεικῶς

219 262 323 313 ἄρξαι
348 268 408 302 καὶ
435 267 641 314 δημοτικῶς,
668 267 728 302 καὶ
754 267 796 302 τὸ
820 270 998 314 μέγιστον,
1026 272 1194 316 τηροῦντα
1220 267 1285 309 τὰς
1314 266 1404 315 πρὸς
1435 267 1517 310 τοὺς

220 320 331 363 θεοὺς
357 320 483 366 τιμάς·
498 320 581 363 τοὺς
606 321 642 356 δὲ
669 318 815 367 ’ὕστερον
841 317 899 357 οἷεὶ
925 321 1220 369 τυραννικώτερον
1245 321 1518 364 δυναστεύοντας

220 373 561 420 ἐξιδιοποιήσασθαι
578 375 642 419 μὲν
660 375 725 418 τὰς
750 375 921 422 δημοσίας
938 375 1143 424 προσόδους,
1171 371 1385 423 ὄλιγωρῆσαι
1402 375 1439 411 δὲ
1456 379 1518 424 τῆς

219 428 309 476 πρὸς
348 429 390 464 τὸ
429 432 533 465 θεῖον
573 425 784 475 εὗσεβείας.“
843 430 948 466 Haec
982 431 1140 466 narratio
1175 430 1319 476 copulat
1357 429 1458 466 Batti
1496 430 1516 465 Ι

219 483 362 518 laudem
390 496 470 518 cum
496 485 680 529 progeniei
706 484 864 519 infamia.
892 485 1080 529 Homines,
1115 485 1175 530 qui
1200 484 1387 530 putabant,
1427 484 1513 518 Bat-

218 541 294 571 tum
321 538 341 572 I
378 533 488 584 7,αὐτῇ
514 542 556 584 τῇ
583 539 803 585 προσηγορίᾳ
833 542 897 573 τοῦ
923 538 1117 584 βασιλέως“
1155 541 1360 574 contentum
1393 537 1514 582 fuisse,

218 591 336 636 ipsum
371 592 500 635 colere,
536 592 675 636 signum
710 592 786 626 eius
813 592 880 627 deo
907 592 1086 638 Delphico
1120 591 1327 637 dedicare‚¹)
1362 592 1515 637 posteris

219 644 350 680 infensi
377 657 455 680 esse
484 649 663 690 poterant.

316 709 396 744 Iam
423 709 636 745 accedamus
663 709 710 744 ad
737 710 922 745 oraculum
949 722 979 746 c.
998 712 1066 746 163
1085 714 1410 746 commemoratum.
1444 709 1512 745 Ar-

218 764 347 798 cesilas
374 764 437 798 111
465 764 672 809 Apollinem
706 764 750 799 de
777 764 896 799 reditu
932 765 1097 801 consulit.
1136 765 1362 810 Responsum
1389 768 1444 799 est
1471 764 1512 807 ei,

218 815 239 851 1
265 817 418 852 Loxiam
450 818 536 852 dare
572 822 653 852 octo
680 817 934 853 Battiadarum
959 819 1162 863 generibus,
1198 822 1367 863 quattuor
1393 816 1512 853 Battis

217 874 253 906 et
271 875 444 916 quattuor
460 871 671 913 Arcesilais,
697 872 885 917 imperium
906 871 1129 918 Cyrenense;
1156 872 1260 917 plura
1278 884 1322 906 ne
1341 871 1514 907 tentanda

217 925 362 970 quidem
390 937 485 970 esse,
516 924 558 960 II
586 938 768 960 reversum
796 938 916 971 regem
943 926 1103 971 quietum
1130 938 1206 961 esse
1235 926 1364 960 debere
1397 937 1512 970 neque

215 978 420 1023 amphoras,
457 980 486 1014 si
512 980 547 1013 in
575 979 720 1014 fornace
747 980 952 1022 invenisset,
970 979 1201 1024 excoquere,
1237 979 1300 1014 sed
1334 979 1511 1014 dimittere

215 1036 320 1068 vento
361 1033 529 1077 secundo,
578 1032 641 1067 111
682 1034 711 1067 si
751 1037 868 1068 tamen
910 1045 970 1068 eas
1011 1034 1221 1077 excoxisset,
1270 1032 1511 1068 circumfluam

214 1087 246 1120 ei
290 1087 472 1121 vitandam
516 1099 605 1129 esse,
649 1087 717 1122 nisi
756 1088 833 1132 ipse
872 1099 951 1122 cum
991 1087 1230 1131 pulcherrimo
1282 1091 1387 1122 tauro
1421 1087 1511 1122 mori

214 1139 363 1185 vellet.²)

311 1288 336 1324 ¹)
359 1287 447 1316 Paus.
469 1287 499 1315 X
521 1289 566 1322 15,
593 1290 620 1317 6.
672 1289 871 1326 „Kvpryvaiot
904 1288 936 1316 δὲ
967 1288 1127 1316 ἀνέθεσαν
1158 1290 1192 1316 ἐν
1224 1287 1361 1325 Δελφοῖς
1389 1287 1510 1315 Βάττον

212 1332 264 1359 ἐπὶ
287 1332 413 1370 ἅρματι,
436 1334 470 1367 ὃς
491 1334 522 1368 ἐς
545 1332 669 1369 Λιβύην
690 1334 787 1370 ἤγαγε
814 1336 894 1370 σφᾶς
926 1334 1040 1361 ναυσὶν
1072 1334 1106 1359 ἐκ
1142 1331 1253 1370 Θήρας.
1294 1333 1422 1368 ἡνίοχος
1449 1332 1510 1368 μὲν

212 1379 265 1403 τοῦ
287 1376 427 1413 ἅρματός
448 1378 511 1404 ἐστι
534 1376 679 1414 Κυρήνη,
702 1378 754 1404 ἐπὶ
778 1377 810 1404 δὲ
832 1381 871 1413 τῷ
893 1377 1009 1414 ἅρματι
1032 1376 1150 1411 Βάττος
1179 1386 1209 1403 τε
1238 1377 1289 1404 καὶ
1313 1375 1416 1411 Λιβύη
1446 1385 1509 1403 στε-

211 1420 356 1457 φανοῦσά
372 1422 458 1447 ἐστιν
471 1421 580 1447 αὐτόν·
597 1422 726 1457 ἐποίησε
743 1421 775 1448 δὲ
791 1420 939 1458 Ἀμφίων
953 1419 1130 1457 Ἀκέστορος
1145 1419 1320 1455 Κνώσιος.“
1353 1418 1508 1455 Amphion

212 1462 376 1490 secundum
397 1462 579 1491 Pausaniam
595 1463 657 1501 (VI
673 1465 700 1499 5,
715 1465 748 1501 3)
765 1464 911 1501 magister
925 1466 991 1492 erat
1004 1462 1122 1491 Pisonis
1137 1462 1348 1498 Calauriensis,
1364 1462 1414 1499 qui
1428 1472 1504 1490 unus

211 1509 275 1534 erat
296 1516 333 1534 ex
355 1506 413 1535 illis
436 1507 599 1543 statuariis,
622 1507 672 1544 qui
693 1509 763 1544 post
778 1517 890 1536 annum
904 1507 962 1538 405
977 1506 1135 1535 donarium
1150 1507 1180 1534 in
1194 1507 1371 1535 memoriam
1389 1515 1507 1544 pugnae

214 1550 293 1587 apud
314 1551 558 1588 Aegospotamos
581 1552 758 1580 commissae
781 1551 925 1580 fecerunt.

307 1604 333 1639 2)
356 1604 504 1632 Benedict
535 1605 578 1641 (p.
600 1606 652 1641 49)
685 1608 772 1642 putat
793 1605 947 1633 oraculum
963 1604 1086 1641 Cyrenis
1110 1606 1209 1632 ortum
1230 1603 1331 1640 ibique
1352 1605 1507 1631 narratum

209 1657 274 1677 esse
296 1647 466 1678 Herodoto.
519 1648 601 1677 Dicit
633 1651 745 1685 tamen,
776 1649 857 1678 haud
888 1648 1043 1686 respectis,
1075 1658 1151 1686 quae
1182 1648 1247 1685 ipse
1268 1658 1296 1685 p.
1319 1650 1357 1679 :⁴5
1378 1647 1506 1685 dixerat,

209 1692 291 1721 illam
313 1693 559 1722 vaticinationem
575 1694 612 1721 de
634 1697 703 1722 octo
724 1693 845 1731 regibus
867 1694 1015 1730 prolatam
1030 1693 1157 1722 fortasse
1173 1692 1298 1729 Delphis
1312 1693 1506 1729 importatam

210 1746 277 1765 esse
300 1736 439 1773 Cyrenas.

309 1791 480 1829 Schubring
502 1793 544 1828 (p.
561 1792 611 1829 58)
634 1792 797 1828 existimat,
820 1791 1011 1820 Herodotum
1033 1791 1185 1828 accepisse
1206 1794 1325 1827 partem
1347 1790 1363 1819 Ι
1384 1790 1505 1818 Thuriis

209 1843 226 1861 a
248 1835 455 1863 sacerdotibus
478 1835 631 1872 Delphicis
653 1835 843 1864 mittentibus
874 1836 954 1864 inter
985 1845 1096 1863 annum
1116 1835 1184 1870 431,
1205 1844 1264 1871 quo
1285 1834 1392 1862 Battus
1413 1833 1453 1870 V,
1475 1837 1505 1862 et

207 1878 275 1913 423,
297 1888 355 1914 quo
377 1879 441 1915 ipse
465 1882 601 1907 mortuus
624 1879 671 1907 sit.
713 1879 783 1907 Hae
803 1888 852 1907 res
874 1879 1104 1916 chronologicae
1133 1879 1318 1906 inveteratae
1347 1880 1423 1905 sunt.
1466 1877 1503 1907 cf.

207 1921 389 1952 Busoltium.

305 1975 491 2004 Studniczka
524 1978 566 2012 (p.
590 1978 638 2013 13)
671 1980 788 2013 partem
820 1976 855 2005 ΙΙ
887 1976 1010 2013 Cyrenis
1042 1979 1139 2004 ortam
1171 1978 1407 2013 argumentoque
1439 1984 1504 2004 esse

207 2022 318 2053 censet,
341 2019 431 2047 etiam
456 2019 510 2048 sub
533 2020 616 2048 Batti
636 2019 689 2048 ΙΙΙ
710 2020 837 2057 imperio
858 2019 993 2058 figlinam
1017 2019 1140 2056 Cyrenis
1161 2018 1307 2048 floruisse.

307 2063 409 2091 Maass
431 2066 471 2100 (p.
494 2065 566 2100 338)
588 2064 672 2100 dicit,
694 2067 811 2101 partem
833 2064 867 2092 ΙΙ
890 2064 1019 2092 sortasse
1040 2063 1166 2100 Delphis
1187 2062 1288 2091 fictam
1311 2072 1384 2091 esse.

307 2115 428 2145 Crusius
460 2116 682 2152 (Litterarisch.
707 2116 927 2145 Central-Blatt
949 2117 1034 2153 1890,
1062 2127 1091 2154 p,
1115 2117 1206 2153 1141)
1238 2118 1355 2154 partem
1386 2115 1421 2145 ΙΙ
1451 2116 1502 2145 vix

209 2159 335 2197 Cyrenis
358 2163 460 2189 natam
493 2170 555 2190 esse
588 2161 760 2198 arbitratur,
793 2161 845 2190 sed
877 2164 962 2190 tanto
994 2162 1102 2190 clarius
1134 2162 1247 2199 gloriae
1279 2161 1351 2190 artis
1383 2160 1503 2199 figlinae

207 2204 386 2241 Cyrenensis
408 2205 616 2234 testimonium
638 2215 704 2234 eam
727 2216 800 2234 esse.

304 2258 388 2286 Diels
412 2258 651 2294 („Parmenides.
693 2259 751 2288 Eiu
773 2259 995 2297 Lehrgedicht“
1019 2270 1047 2296 p.
1070 2261 1117 2296 19,
1149 2259 1251 2288 Berlin
1273 2259 1374 2296 1897.)
1403 2261 1501 2287 totum

208 2302 361 2330 oraculum
384 2312 401 2330 a
422 2302 632 2331 Battiadarum
655 2303 834 2332 adversariis
850 2303 1071 2340 Cyrenensibus
1094 2304 1295 2340 compositum
1318 2312 1383 2332 esse
1404 2305 1500 2340 putat.
