1770 2769
734 107 976 139 -38-

203 216 261 248 tus
289 213 553 247 vaticinationis
581 216 728 247 eventus
756 212 896 258 signum
924 216 988 255 est,
1026 224 1104 247 eam
1131 224 1169 248 re
1209 225 1293 248 vera
1323 213 1501 259 prolatam

204 278 293 301 esse.
346 265 415 301 Cui
442 266 591 309 accedit,
625 266 720 311 quod
753 266 906 300 sortasse
933 278 1004 301 non
1031 266 1145 301 solum
1178 264 1374 315 ,,“Ελλήνων
1403 270 1499 303 τοῖσι

202 319 455 366 βουλομένοισι
492 316 583 357 εἶναι
621 319 875 367 ἐλευθέροισϋ(
911 321 1115 355 nuntiatum
1158 326 1222 363 est,
1264 325 1387 356 ventos
1422 333 1501 356 esse

202 374 433 416 invocandos,
463 374 525 408 sed
553 374 660 408 etiam
689 385 810 408 eorum
846 374 1071 417 adversariis,
1107 378 1147 409 ut
1181 374 1386 409 sacerdotes
1420 378 1500 419 post

204 426 430 463 Graecorum
457 427 595 462 cladem
623 427 742 462 dicere
761 431 918 473 possent,
940 427 1064 462 classis
1083 428 1202 473 regiae
1220 427 1370 463 salutem
1388 427 1501 473 Apol-

202 482 265 516 lini
293 481 393 516 cordi
420 481 540 516 fuisse.

301 535 359 569 Ex
386 534 483 569 fonte
510 535 726 569 Atheniensi
753 534 883 568 hausta
909 538 1002 577 sunt,
1031 546 1122 580 quae
1149 535 1298 580 legimus
1323 534 1402 570 VII
1431 535 1499 569 189

203 588 248 624 de
273 587 437 635 Borea.¹)
490 587 575 623 Meo
602 588 733 623 iudicio
760 588 903 623 minime
931 588 1100 624 cohaeret
1126 589 1193 624 hoc
1219 588 1402 624 oraculum
1421 601 1501 625 cum

203 642 311 688 illo‚2)
344 643 439 687 quod
470 643 625 687 Delphis
652 643 775 677 datum
803 646 867 680 est.
946 642 1089 685 Obstat,
1117 643 1212 688 quod
1238 643 1376 677 Boreas
1403 643 1500 677 auxi-

202 696 289 730 lium
315 696 398 731 tulit
417 695 699 731 Atheniensibus
725 696 807 739 iam,
836 708 916 731 cum
943 696 1094 731 classem
1111 696 1387 732 Mardonianam
1405 695 1501 742 apud

203 749 421 796 Athonem³)
467 750 604 785 deleret
637 754 673 785 et
704 750 800 795 quod
837 751 980 785 omnino
1014 763 1086 785 non
1121 751 1252 786 dicitur
1284 750 1500 795 Delphicum

204 803 315 837 fuisse
341 804 408 838 hoc
435 804 664 848 oraculum.⁴)

303 891 531 936 Philodelphi
555 903 681 926 manus
700 895 827 937 aperta
847 895 901 927 est
918 892 955 926 in
974 892 1035 935 eis,
1056 904 1148 937 quae
1167 892 1315 937 legimus
1335 891 1410 927 VII
1432 892 1499 926 140

204 948 240 979 et
268 945 383 991 141.⁵)
435 944 641 980 Genuinum
669 949 724 980 est
749 945 934 980 oraculum
959 944 996 979 I:

303 998 356 1046 ,μδ
382 1003 517 1048 μέλε-τοι,
546 1004 581 1040 τί
607 1001 796 1051 adamae,-
822 1001 943 1040 λιπών
968 1004 1073 1052 φεῦγ’
1100 1003 1233 1048 ἔσχατα
1261 1005 1365 1051 γαίης

303 1056 453 1102 δώματα
479 1059 538 1094 καὶ
566 1057 697 1098 πόλιος
723 1057 951 1106 τροχοειδέος
977 1057 1067 1106 ἄκρα
1093 1056 1237 1106 κάρηνα.

302 1111 384 1147 οὔτε
411 1110 476 1159 7ἁρ
505 1110 525 1159 ἦ
550 1110 688 1160 κεφαλῆ
714 1112 812 1156 μένει
841 1111 1000 1156 ἔμπεδον
1026 1111 1108 1147 οὔτε·
1133 1110 1174 1147 τό
1201 1112 1315 1156 σῶμα,

305 1165 387 1202 οὔτε
415 1164 527 1206 πόδες
554 1165 671 1203 νέατοι
701 1165 775 1202 οὔτ’
805 1161 854 1202 οἶν
880 1165 993 1214 χέρες,
1021 1165 1103 1202 οὔτε
1129 1180 1163 1202 τι
1191 1165 1326 1213 μέσσης

301 1221 479 1261 ἱείτεται,
507 1219 585 1256 αλλ’
614 1220 728 1267 ἄζηλα
755 1220 855 1257 πέλει
884 1234 973 1256 κατα
999 1218 1079 1284 7άρ
1092 1234 1156 1265 μιν
1182 1233 1322 1268 ερειῖῑει

303 1287 377 1321 ῖτιρ
405 1288 440 1308 τε
468 1287 527 1310 και
555 1272 642 1318 (ἶξυς
661 1274 788 1322 ’Λρν-ς,
815 1274 1029 1337 4υριη7ενὲς
1056 1272 1154 1322 ἅρμα
1181 1271 1331 1310 διώκων

303 1326 421 1364 suoi-ta
447 1328 486 1365 δὲ
512 1323 611 1365 κᾶλλ’
641 1326 772 1365 annaei
799 1341 1023 1376 πυρ7ωματα
1048 1326 1114 1364 κου’
1143 1326 1183 1364 τὰ
1210 1341 1272 1364 σον
1297 1325 1391 1365 οἷον·

306 1380 465 1422 πολλοὺς·
492 1383 523 1419 ‹5'
527 1381 724 1419 ἄθαιάτιιιν
750 1381 857 1429 ννούς
882 1382 1028 1429 μαλεριιῖ
1054 1383 1145 1430 πυρὶ
1174 1380 1295 1423 δωσει,

305 1434 341 1471 οἵ
369 1450 443 1471 που
472 1438 533 1471 νῦν
560 1435 687 1484 ἱδρῶτι
718 1434 903 1484 ῥεούμενοι
937 1433 1118 1484 ἑστήκασι,

303 1489 448 1533 δείματι
478 1488 711 1534 παλλόμενοι,
738 1489 827 1526 κατὰ
853 1488 1102 1538 δ’ἅκροτάτοις
1128 1488 1298 1537 ὀρόφοισι

301 1539 393 1586 αἷμα
418 1543 532 1586 μέλαν
558 1543 715 1586 κέχυται.
745 1542 897 1591 προϊδόν
922 1542 1115 1589 κακότητος
1142 1541 1306 1588 οἷνά7κας.

303 1594 382 1632 ἁλλ’
411 1597 487 1632 ἰἰον
514 1596 553 1641 ἐξ
579 1595 739 1639 α’δύιοιο,
766 1601 889 1638 κακοῖς
915 1596 1158 1635 δ’ἐπικίδνατε
1185 1594 1340 1642 θιίιόν.“

306 1676 332 1711 1)
357 1678 404 1711 „ol
428 1676 501 1704 δ’ὥν
523 1676 686 1713 Ἀθηναῖοι
709 1679 797 1715 σφίσι
820 1677 952 1715 λέγουσι
975 1676 1178 1714 βοηθήσαντα
1200 1678 1253 1704 τὸν
1274 1676 1399 1714 Βορέην
1427 1678 1500 1714 πρό-

204 1730 294 1758 τερον
316 1721 367 1748 καὶ
391 1721 456 1748 τότε
479 1722 586 1748 ἐκεῖνοι
609 1720 874 1758 κατεργάσασθαι,
898 1722 950 1749 καὶ
974 1721 1044 1759 ἱρὸν
1064 1720 1263 1755 ἀπελθόντες
1284 1719 1393 1758 Βορέω
1416 1720 1500 1758 ἱδρύ-

205 1774 299 1792 σαντο
321 1765 407 1803 παρὰ
429 1765 573 1803 ποταμὸν
595 1764 738 1793 Ἰλισόν.“

302 1808 327 1841 2)
349 1808 488 1837 Pomtow
509 1809 584 1837 dicit
612 1812 620 1836 ί
627 1819 654 1844 p.
677 1809 757 1845 255):
789 1809 861 1842 ..das
882 1809 987 1837 zweite
1001 1809 1122 1843 Orakel,
1143 1809 1198 1836 das
1219 1818 1277 1836 von
1299 1808 1369 1836 dem
1385 1808 1496 1837 andern

205 1851 282 1886 (VII
307 1853 375 1888 178)
397 1852 481 1880 nicht
513 1862 549 1880 zu
581 1855 708 1880 trennen
740 1852 801 1881 und
833 1862 890 1880 nur
920 1852 1027 1881 dessen
1059 1852 1312 1889 Specialisierung
1343 1852 1403 1880 und
1435 1852 1499 1880 An-

205 1895 355 1933 wendung
377 1895 431 1924 auf
448 1895 497 1924 die
517 1896 657 1924 Athener
677 1896 725 1933 ist,
747 1896 828 1925 steht
849 1895 915 1925 VII
937 1896 1021 1926 189.“

301 1939 327 1975 3)
351 1940 388 1968 cf.
410 1939 459 1968 VI
479 1940 533 1971 44:
561 1942 633 1976 „tow
658 1940 765 1968 Ἄθων
786 1941 1006 1979 περιέβαλλον
1027 1943 1132 1976 (naves
1154 1940 1315 1975 Persicae).
1338 1942 1500 1968 ἐπιπεσὼν

205 1984 240 2011 δέ
261 1994 315 2021 σφι
339 1984 552 2021 περιπλέουσι
581 1986 692 2021 βορέης
718 1985 835 2021 ἄνεμος
856 1986 956 2022 μέγας
978 1995 1008 2012 τε
1030 1985 1081 2012 καὶ
1104 1984 1223 2021 ἄπορος
1245 1985 1341 2021 κάρτα
1364 1986 1500 2021 τρηχέως

203 2029 383 2065 περιεσπε.“

300 2071 324 2108 ⁴)
348 2070 486 2100 Pomtow
524 2071 567 2108 (p.
599 2071 657 2101 255
688 2073 768 2107 ann.)
808 2072 891 2109 dicit,
922 2071 1114 2100 Herodotum
1146 2072 1282 2101 omisisse
1321 2071 1499 2109 Delphicam

203 2115 290 2143 huius
312 2115 425 2143 oraculi
448 2115 594 2152 originem
617 2115 694 2144 indic
702 2125 751 2144 are
775 2116 859 2153 „weil
881 2125 914 2144 er
928 2125 958 2144 es
973 2115 1056 2144 nicht
1072 2125 1123 2143 aus
1137 2115 1328 2152 delphischer
1342 2115 1499 2144 Tradition

203 2158 277 2187 oder
297 2159 327 2187 in
348 2159 486 2196 Delphoi,
509 2159 640 2187 sondern
662 2169 714 2188 aus
736 2159 941 2188 athenischem
964 2158 1079 2188 Munde
1101 2159 1270 2188 entnahm.“
1314 2158 1427 2187 Mirum
1441 2159 1499 2188 hoc

203 2206 414 2240 argumentum
435 2202 586 2231 refutatur
607 2203 708 2231 multis
729 2203 803 2232 locis
824 2203 1019 2239 Herodoteis‚
1050 2203 1142 2231 affero
1172 2213 1196 2232 e.
1218 2213 1245 2241 g.
1268 2202 1284 2231 Ι
1307 2203 1372 2233 174.
1421 2203 1499 2231 Item

202 2256 262 2275 vox
282 2247 431 2282 ,,ἀ’λλου“
452 2256 512 2276 non
533 2246 656 2283 indicat,
677 2247 734 2276 hoc
756 2248 910 2276 oraculum
932 2247 1049 2276 venisse
1071 2257 1108 2276 ex
1139 2247 1246 2277 eodem
1277 2247 1343 2276 loco
1375 2257 1408 2276 ac
1440 2248 1499 2284 illa,

203 2300 280 2327 quae
303 2293 580 2319 commemorantur
601 2290 667 2320 VII
688 2293 745 2321 140
766 2294 796 2320 et
818 2292 883 2321 141.

300 2334 324 2372 5)
348 2334 385 2363 cf.
408 2334 513 2363 Busolt
535 2334 589 2363 112
610 2345 638 2371 p.
661 2336 716 2365 661
740 2345 782 2372 sq.
