1770 2769
737 106 950 138 -9-

195 221 270 245 rem
288 209 477 254 audivisse,
504 209 589 244 mihi
616 221 826 255 persuasum
853 214 917 245 est.
962 211 1097 246 Eadem
1115 212 1177 246 illa
1193 213 1284 247 mira
1301 212 1432 247 ancilla
1451 213 1483 247 ei

195 264 290 309 apud
328 263 520 298 Nicolaum
560 268 699 308 portam
739 264 893 299 cubiculi
931 265 1126 310 patefacit:
1165 267 1201 300 in
1236 266 1359 301 fabula
1392 266 1482 301 desi-

195 318 314 354 derari
340 317 407 353 hoc
425 318 552 363 potuit,
581 317 676 363 quod
695 316 828 363 Gyges,
848 329 927 352 cum
951 319 1044 364 regis
1070 319 1315 355 iusiurandum
1341 321 1483 355 audiret

198 372 269 407 iam
308 372 403 407 intus
430 375 518 410 erat,
571 371 684 407 Lixus
722 372 886 407 inimicus
918 372 1013 417 apud
1046 372 1237 408 Nicolaum
1272 374 1481 418 calumnias,

192 437 281 470 quas
320 426 468 460 adhibet
499 429 625 460 contra
652 424 804 472 Gygem,
830 426 907 470 ipse
934 426 1052 470 prodit
1078 439 1142 471 per
1168 428 1291 462 urbem
1324 428 1482 462 clamans

191 481 409 523 ,μαίνεσθαι
434 480 740 527 προσποιηῧείςίιε
779 480 815 514 in
855 478 975 514 fabula
1013 478 1134 526 Gyges
1159 482 1192 515 vi
1219 482 1357 527 magica
1383 481 1480 516 anuli

191 538 307 569 tectus
334 533 491 569 adfuisse
530 534 672 569 videtur
698 534 875 579 colloquio
905 538 1052 579 secreto,
1081 547 1150 580 quo
1178 548 1255 571 eum
1284 536 1397 571 Lixus
1423 548 1480 571 ac-

192 588 339 622 cusavit.
390 588 450 622 Ita
476 599 554 622 meo
581 587 712 622 iudicio
731 599 753 622 a
770 587 913 622 Nicolai
940 592 1084 623 auctore
1111 594 1247 624 mutata
1274 595 1327 624 est
1354 590 1479 624 eadem

191 640 253 675 illa
290 640 412 676 fabula
439 645 549 683 vetus,
591 652 682 685 quae
708 640 804 686 apud
829 640 1057 675 Herodotum
1082 642 1337 677 transformata
1365 647 1418 677 est
1444 644 1480 677 in

191 694 413 738 „novellam“
433 694 494 741 (sit
513 695 617 729 venia
634 693 728 739 voci)
747 694 854 729 rebus
873 694 1037 729 humanis
1056 695 1246 731 artificiose
1270 696 1478 741 adaptatam

191 748 447 793 sententiisque
487 748 626 782 callidis
652 752 816 783 ornatam
829 747 898 794 Ὺ),
926 760 996 792 qua
1022 749 1073 782 uti
1101 749 1268 784 historico
1296 762 1380 784 sane
1407 762 1478 784 non

190 802 284 836 licet.

287 865 344 900 Ne
383 865 602 901 levissimum
641 865 785 910 quidem
825 866 1011 911 vestigium
1039 865 1152 907 video,
1184 867 1279 911 quod
1306 867 1477 913 originem

191 919 406 964 Delphicam
432 920 537 954 huius
555 919 834 954 narratiunculae
860 919 1003 954 indicet.
1049 919 1226 955 Schubert
1252 920 1354 955 finem
1384 921 1478 966 capi-

191 974 237 1007 tis
280 974 322 1007 13
362 972 476 1016 affert,
516 973 577 1007 ubi
616 977 739 1008 narrat
778 973 999 1017 Herodotus,
1039 973 1254 1018 Delphicum
1293 974 1476 1009 oraculum

191 1038 341 1071 poenam
377 1027 534 1060 criminis
569 1025 704 1061 Croeso
739 1027 937 1061 minitatum
972 1038 1060 1063 esse.
1119 1022 1208 1072 (,,ιῦς
1231 1024 1475 1074 ”Ηρακλείδῃσι

184 1082 278 1121 τίσις
303 1076 375 1126 ἥξει
394 1078 429 1121 ἐς
453 1079 513 1115 τὸν
531 1082 696 1124 πέμπτον
713 1075 889 1126 ἀπόγονον
917 1079 1124 1127 Γύγεω“).3)
1179 1081 1231 1115 At
1249 1081 1475 1116 manifestum

284 1183 306 1218 ¹)
328 1182 375 1210 Ex
397 1181 479 1211 fonte
500 1182 611 1219 scripto
633 1182 707 1210 haec
727 1182 861 1211 narratio
883 1182 992 1211 hausta
1012 1192 1074 1211 esse
1095 1182 1213 1211 videtur
1233 1186 1356 1220 propter
1377 1183 1470 1211 verba

189 1232 227 1258 (c.
249 1227 293 1263 8):
317 1228 451 1265 ,χρόνου
474 1227 507 1255 δὲ
529 1228 566 1255 οὐ
587 1226 715 1256 πολλοῦ
738 1226 950 1264 ὄιελθόντος,“
979 1236 1055 1264 quae
1082 1227 1169 1264 apud.
1181 1227 1371 1256 Herodotum
1399 1227 1475 1256 diffi-

190 1271 257 1299 cilia
278 1274 347 1299 sunt
368 1271 530 1307 intellectu,
552 1271 680 1299 termino
702 1280 719 1299 a
740 1280 799 1307 quo
820 1272 980 1300 manifesto
1001 1281 1062 1299 non
1083 1274 1227 1300 exstante.

283 1320 306 1356 2)
329 1319 364 1348 cf.
390 1320 468 1352 ,ὦτα
490 1321 636 1357 τυγχάνει
658 1320 859 1358 ἀνθρώποισι
881 1322 970 1348 ἐόντα
999 1321 1185 1358 ἀπιστότερα
1214 1320 1414 1358 ὀφθαλμῶν“
1438 1337 1474 1341 -

187 1365 271 1402 „diua
293 1363 408 1392 κιθῶνι
430 1364 610 1402 ἐκδυομένῳ
633 1364 835 1392 συνεκδύεται
863 1365 915 1392 καὶ
944 1366 999 1401 τὴν
1024 1364 1101 1392 αἰδῶ
1129 1365 1225 1402 γυνή“
1248 1381 1283 1384 -
1308 1367 1475 1400 ῃσκοπέειν

187 1409 254 1436 τινὰ
276 1409 312 1436 τὰ
333 1410 478 1436 ἑωυτοῦ.“

280 1456 307 1486 3)
329 1455 464 1484 Schoene
494 1455 634 1490 (Hermes
656 1455 704 1483 IX
725 1465 745 1492 p
776 1456 833 1485 496
855 1457 910 1492 sq.)
940 1456 1053 1492 optime
1074 1456 1268 1491 demonstrat,
1290 1465 1343 1483 cur
1364 1455 1474 1492 Pythia

185 1498 213 1534 (I
224 1500 275 1535 91)
288 1499 378 1534 dicat,
388 1498 497 1527 Croeso
507 1499 657 1536 Apollinis
669 1498 813 1528 beneficio
824 1501 885 1528 tres
896 1499 1013 1537 imperii
1025 1509 1118 1527 annos
1130 1509 1147 1527 a
1158 1499 1219 1527 fato
1232 1508 1388 1528 concessos
1400 1509 1474 1529 esse.

226 1543 331 1581 [Gygis
346 1544 394 1579 38,
408 1543 528 1579 Ardyos
541 1544 589 1579 49,
604 1542 758 1579 Sadyattis
774 1544 821 1573 1‘2.
845 1542 978 1580 Alyattis
993 1545 1040 1579 57,
1056 1543 1156 1572 Croesi
1172 1544 1208 1573 14
1221 1557 1259 1566 Ξ
1276 1544 1332 1573 170
1346 1544 1415 1571 anni

224 1588 242 1618 3
263 1589 371 1626 γενεαί
389 1601 428 1612 =
449 1588 506 1618 100
527 1588 596 1616 anni

224 1633 242 1661 5
263 1634 371 1670 γενεαί
390 1645 428 1654 =
450 1632 554 1664 166213
575 1632 643 1660 anni
1222 1645 1260 1655 Ξ
1275 1632 1331 1661 167
1346 1632 1425 1659 anni.

1007 1689 1121 1715 restant
1310 1687 1329 1715 3
1344 1686 1434 1724 anni]

281 1730 325 1758 At
345 1740 405 1759 non
426 1740 548 1767 possum
570 1730 734 1759 concedere
755 1730 913 1767 Schoenio⁷
940 1731 1097 1759 Nicolaum
1119 1740 1134 1759 e
1155 1730 1271 1758 Xanthi
1297 1730 1374 1759 libro
1401 1730 1473 1758 hau-

183 1774 310 1802 rientem
331 1774 447 1803 oraculi
467 1774 560 1803 verba
581 1774 769 1803 accuratiora
790 1784 925 1803 servasse
946 1784 1035 1812 quam
1056 1774 1256 1810 Herodotum,
1278 1784 1346 1802 cum
1361 1774 1409 1811 (fr.
1425 1775 1473 1811 49,

184 1818 234 1855 (50)
255 1817 369 1847 diceret
391 1821 454 1856 „ch
475 1821 622 1857 πέμπτην
643 1820 771 1858 γενεάν“
795 1819 861 1848 loco
882 1819 962 1848 illius
995 1821 1043 1855 „⁶²9
1065 1820 1117 1847 τὸν
1143 1820 1287 1856 πέμπτον
1315 1820 1476 1857 ἀπόγονον

183 1863 320 1901 Γύγεω.“

283 1906 356 1935 Meo
377 1907 497 1943 quidem
518 1907 629 1936 iudicio
651 1910 742 1946 γενεή
764 1918 824 1936 non
845 1911 891 1936 est
913 1907 1059 1944 „spatium
1081 1907 1205 1943 triginta
1231 1909 1395 1935 annorum“
1419 1907 1472 1935 sed

185 1949 357 1986 „hominum
378 1952 490 1988 genus“
513 1960 568 1980 nec
583 1951 679 1989 magis
693 1951 862 1980 mirandum
878 1955 932 1988 est,
947 1950 1103 1979 Nicolaum
1120 1951 1314 1989 „o’zndyovoffl
1330 1950 1473 1979 haustum

183 2003 219 2022 ex
240 1994 400 2023 Herodoto
422 1997 540 2024 vertere
568 1996 620 2024 illo
644 1997 791 2034 „yevedffi
814 2005 912 2033 quam,
942 1995 1117 2032 scriptorem
1139 1994 1353 2023 Germanicum
1383 1994 1474 2023 fontis

182 2038 274 2067 verba
296 2039 362 2071 „die
383 2039 487 2068 Rache
516 2040 591 2068 wird
621 2040 680 2068 den
709 2040 826 2069 vierten
853 2039 1081 2068 Nachkommen
1110 2038 1234 2067 treffen“
1265 2039 1391 2068 reddere
1422 2049 1476 2076 per

184 2082 249 2118 „die
270 2082 376 2111 Rache
397 2083 472 2111 wird
493 2083 542 2111 die
563 2084 658 2112 vierte
680 2083 864 2112 Generation
886 2083 1018 2112 treffen.“
1066 2082 1125 2120 Qui
1145 2092 1215 2111 cum
1236 2082 1384 2112 Schoenio
1406 2092 1473 2120 pre-

182 2130 297 2155 mentes
318 2136 423 2155 vocem
447 2129 593 2165 Ἰγιενεάν“
617 2128 729 2164 dicunt,
751 2127 909 2156 Nicolaum
930 2136 1064 2156 servasse
1085 2127 1198 2155 oraculi
1218 2126 1347 2155 formam
1362 2127 1473 2164 prima-

179 2170 264 2206 riam,
276 2180 336 2199 non
350 2171 461 2200 sentire
475 2171 624 2208 videntur,
639 2172 790 2209 Apollinis
801 2172 955 2200 oraculum
970 2173 1034 2198 tum
1046 2180 1109 2199 esse
1122 2170 1239 2199 falsum.
1275 2173 1366 2209 γενεή
1382 2171 1473 2207 enim,

182 2214 207 2242 si
237 2224 270 2243 re
301 2223 373 2243 vera
403 2218 480 2244 esset
512 2215 653 2253 „triginta
683 2217 775 2244 trium
804 2224 950 2243 annorum
979 2214 1137 2251 spatium‚“
1168 2214 1280 2251 Apollo
1310 2224 1470 2252 perperam

181 2258 305 2288 dixisset
327 2261 390 2296 ,,εἰς
411 2262 559 2298 πέμπτην
579 2261 717 2299 γενεήν,“
740 2269 808 2289 cum
825 2262 950 2297 „gutmr'
967 2258 1066 2288 dicere
1081 2258 1213 2288 deberet.
1247 2259 1306 2289 Cur
1326 2268 1427 2297 porro,
1450 2259 1474 2287 si

181 2306 272 2342 γενεή
294 2313 362 2332 cum
383 2304 505 2333 notione
527 2305 653 2342 triginta
666 2305 757 2333 trium
773 2314 916 2332 annorum
932 2304 962 2332 in
977 2303 1098 2333 oraculo
1113 2306 1186 2341 erat,
1202 2303 1314 2341 Apollo
1329 2304 1473 2333 Croesum
