1770 2769
771 164 1015 197 „35—

246 270 383 318 lapides
409 270 444 305 in
472 268 597 304 eodem
621 267 682 303 illo
708 267 893 303 Minervae
921 267 1104 304 Pronaeae
1137 268 1221 304 fano
1254 269 1347 305 visos
1379 281 1531 304 comme—

246 329 405 360 moratus
432 324 542 357 esset!

344 379 486 412 Auctor
510 375 605 411 tituli
631 374 803 410 miracula
828 374 971 410 fabulae
997 386 1068 410 non
1093 379 1305 421 tempestate
1332 375 1395 411 sed
1421 375 1532 411 homi-

246 444 330 467 num
357 430 523 476 operibus
549 429 802 474 compensavit.
864 428 1135 464 Inconsiderate
1168 430 1277 475 igitur
1310 430 1375 464 hos
1410 441 1533 464 versus

246 485 425 530 Ephorus,
461 484 491 518 si
516 494 555 517 re
582 494 666 517 vera
691 482 767 527 ipse
794 482 902 516 etiam
928 482 1032 516 huius
1058 483 1110 517 rei
1137 482 1215 517 fons
1242 487 1307 526 est,
1335 483 1534 518 narrationi

247 550 332 574 suae
359 537 532 572 adiunxit.
583 535 667 571 Non
693 534 894 570 mirandum
921 539 985 579 est,
1013 534 1174 581 Delphos
1201 536 1412 581 praetulisse
1439 536 1533 570 hunc

246 592 389 626 modum
408 601 478 636 quo
496 589 655 624 fabulam
673 588 956 623 verisimiliorem
974 588 1165 624 redderent
1184 589 1350 634 Ephoreo
1369 590 1431 633 illi,
1450 601 1536 624 nam.

246 646 403 690 ipsorum
438 643 563 687 gloria,
597 642 702 687 plane
737 641 910 687 neglecta,
948 642 977 676 si
1011 646 1241 687 tempestates
1277 642 1373 677 solae
1400 642 1532 676 Persas

247 698 441 744 depellunt,
468 696 619 731 maxime
647 699 808 740 augetur,
836 696 866 730 si
899 695 968 741 ipsi
1003 700 1086 731 sunt
1123 694 1209 741 „01312
1246 697 1368 742 Φοίβῳ
1404 696 1533 732 πτολί-

247 759 391 800 πορθον
416 748 647 795 ἀπωσάμενοι
677 750 782 792 στίχα
800 747 942 796 Μήδιον
963 751 1021 786 καὶ
1040 750 1323 797 χαλκοστὲφανον
1340 750 1532 798 ῥυσάμενοι

246 806 423 850 τέμενος.“

344 858 405 894 Ad
432 870 546 894 meam
574 857 618 893 de
644 857 699 892 his
725 856 832 892 rebus
858 857 1035 903 prolatam
1054 858 1265 893 sententiam
1284 857 1532 893 illustrandam

247 914 314 949 hoc
339 912 540 948 adscribam
568 915 731 946 stemma:

790 964 850 1010 pia
876 964 999 999 fabula

310 1116 445 1157 auctor,
474 1112 533 1158 qui
559 1111 743 1158 narrabat,
770 1111 931 1146 homines
957 1111 1098 1147 illarum
1125 1124 1243 1147 rerum
1270 1124 1341 1147 non
1369 1112 1471 1158 plane

740 1170 904 1211 expertes
930 1166 1049 1201 fuisse.

766 1247 1027 1318 JK

589 1353 809 1387 Herodotus.
955 1352 1094 1388 Auctor
1119 1353 1214 1387 tituli
1241 1353 1418 1397 Delphici,

954 1407 1014 1451 qui
1046 1406 1197 1452 Delphis
1231 1407 1419 1441 maximam

745 1471 894 1613 xN
956 1460 1102 1506 gloriam
1129 1461 1340 1496 vindicabat.

803 1648 984 1693 Ephorus,

247 1702 317 1747 qui,
346 1714 436 1748 quae
464 1702 600 1748 legerat
618 1701 714 1747 apud
731 1701 959 1740 Herodotum
977 1702 1190 1749 prodigiosa,
1209 1706 1420 1747 tempestate
1440 1713 1536 1736 com-

246 1757 409 1801 pensavit
436 1768 549 1801 neque
577 1760 707 1799 tamen,
735 1760 775 1791 ut
801 1756 906 1791 homo
941 1756 1172 1801 antiquarius,
1206 1755 1386 1790 abstinere
1417 1756 1537 1800 potuit

237 1809 291 1843 *ab
325 1810 567 1855 inscriptione,
607 1821 697 1855 quae
730 1810 842 1855 ipsius
874 1810 1039 1845 relationi
1071 1809 1305 1855 repugnabat,
1338 1808 1536 1844 afferenda.

344 1864 421 1899 Nos
448 1865 613 1910 antiquos
641 1863 828 1899 historicos
856 1876 899 1898 ne
925 1864 1119 1899 imitemur!
1149 1862 1395 1898 Concedamus
1413 1865 1536 1908 geuui-

246 1930 329 1953 nam
354 1919 571 1954 narrationis
598 1918 748 1953 formam
774 1919 869 1964 piam
887 1918 1044 1953 fabulam
1062 1918 1181 1959 fuisse,
1203 1929 1245 1952 ex
1263 1929 1334 1963 qua
1351 1917 1537 1953 historiam

248 1976 461 2018 extorquere
488 1985 559 2007 non
586 1973 703 2009 liceat.

345 2027 536 2061 WVecklein
563 2038 627 2072 pro
655 2039 719 2061 sua
746 2028 922 2061 sententia
948 2027 1069 2061 attulit
1087 2027 1192 2061 etiam
1220 2026 1329 2060 verba
1355 2026 1538 2061 Mardonii

247 2079 322 2123 (IX
350 2080 425 2125 42),
453 2092 544 2125 quae
573 2080 663 2115 dixit
689 2084 773 2115 ante
800 2092 956 2125 pugnam
983 2080 1248 2114 Plataeensem:
1285 2078 1380 2120 ,ἔστι
1418 2078 1539 2126 λόγιον

248 2131 296 2172 (ὁ,-
322 2132 426 2180 χρεόν
451 2134 525 2169 ἐστι
556 2134 703 2180 Πέρσας
728 2132 970 2178 ἀπικομένους
997 2134 1034 2174 ἐς
1063 2132 1121 2180 τήν
1151 2131 1300 2169 Ἑλλάδα
1335 2133 1534 2181 διαρπάσαι

247 2185 287 2222 τό
319 2185 396 2236 ἱρόν
427 2186 466 2223 τὸ
498 2188 534 2224 ἐν
568 2190 760 2235 Δελφοῖσι,
791 2187 882 2233 μετὰ
918 2188 955 2225 δὲ
990 2186 1050 2236 τήν
1087 2185 1291 2235 διαρπαγήν
1329 2185 1535 2225 ἀπολέσθαι

248 2239 395 2282 πάντας.
435 2241 537 2290 ἡμεῖς
562 2243 682 2278 τοίνυν
717 2240 804 2278 αὐτό
840 2243 946 2278 τοῦτο
983 2240 1212 2286 ἕπισιάμὲνοι
1249 2241 1328 2277 οὔτε
1363 2244 1443 2286 ἰ’μεν
1475 2242 1539 2279 ἐπὶ

246 2298 286 2334 τὸ
314 2299 391 2345 ἱρόν
417 2302 523 2354 Qu
550 2300 629 2336 οὔτε
657 2299 936 2355 ἐπιχειρῆσομεν
962 2300 1188 2355 daagffd'gmv,
1217 2299 1349 2348 ’ταύτης
1368 2316 1403 2336 ιε
1423 2300 1540 2337 εἵνεκα

247 2359 310 2405 τῆς
337 2359 457 2406 αἰτίης
492 2358 555 2395 οὐκ
587 2358 858 2405 ἅπολειίμεθα.“
924 2361 994 2395 His
1033 2373 1076 2395 ex
1115 2360 1231 2395 verbis
1260 2360 1448 2395 XVecklein
1488 2361 1539 2405 (p.
