1770 2769
759 164 999 198 -67-

231 270 362 305 dicium
388 269 598 315 praebeant,
616 282 682 305 nos
705 270 849 315 quidem
867 270 1081 314 dubitamus,
1099 283 1181 305 nam
1207 272 1356 306 oracula
1381 271 1515 316 fingere

229 323 326 369 apud
344 335 466 358 omnes
485 323 588 357 valde
606 323 776 358 usitatum
794 323 984 358 artificium
1000 328 1088 359 erat.
1115 324 1338 359 Mementote
1361 325 1516 359 omnium

228 377 372 413 illorum
397 377 633 422 oraculorum,
658 389 750 422 quae
767 377 957 422 proverbia
974 378 1195 424 explicare,²)
1232 391 1361 414 ornare
1380 382 1516 424 septem

230 431 444 475 sapientium
485 430 671 476 fabulas,²)
697 429 945 475 Sybaritarum
986 431 1170 465 interitum
1179 432 1205 476 ³)
1240 433 1298 475 pie
1333 432 1516 466 illustrare

229 483 362 519 debent
389 486 455 519 etc.
484 486 551 519 etc.

325 558 395 593 His
422 557 529 593 rebus
555 558 730 603 reputatis
755 561 861 593 tueor
886 558 1099 593 sententiam
1121 570 1247 602 meam,
1266 558 1374 594 fuisse
1392 555 1516 603 ὑπομ-

228 610 367 661 νήματα
400 610 589 656 Delphica,
629 610 757 656 quibus
796 611 1006 646 Herodotus
1044 623 1129 647 usus
1169 615 1233 657 est,
1273 624 1345 647 non
1383 612 1513 647 librum

228 665 392 702 omnibus
419 664 646 712 patentem.⁴)
715 664 820 701 Solus
846 664 940 700 hunc
965 664 1173 701 thesaurum
1212 665 1387 711 expilasse
1423 666 1517 701 vide-

230 719 333 765 tur.⁶)
401 719 499 754 Num
524 719 628 753 nimis
654 719 773 753 audax
799 719 954 764 suspicio
981 722 1047 764 est,
1074 731 1154 753 eum
1179 720 1379 754 ministrum
1405 719 1516 754 fuisse

232 786 254 808 a
292 772 538 807 sacerdotibus
579 772 742 817 electum,
782 772 842 817 qui
882 772 1083 817 divulgaret
1125 784 1247 807 eorum
1291 775 1516 808 commenta?

231 826 365 863 Omnes
391 826 544 861 lectores
571 825 734 861 fraudem
760 825 1090 871 deprehendissent,
1119 826 1148 860 si
1175 826 1266 860 tales
1293 826 1517 861 narrationes

233 880 297 916 sub
340 879 445 915 titulo
488 879 670 928 ,,Δελφῶν
703 878 970 927 ὑπομνήματώ*
1009 879 1114 914 edita
1145 883 1274 915 essent.
1338 879 1517 915 Herodoti

231 946 361 969 nomen
389 945 467 969 eam
491 934 592 979 tegit.

328 1007 462 1053 Delphi
489 1011 525 1043 et
555 1007 798 1043 Athenienses
834 1019 975 1053 semper
1011 1007 1102 1042 bene
1142 1007 1315 1052 sciebant,
1354 1007 1415 1052 qui
1453 1007 1518 1041 viri

231 1062 382 1108 gloriam
408 1062 602 1097 amicorum
629 1074 764 1107 augere,
785 1065 943 1108 possent.
994 1061 1120 1097 Prisco
1146 1065 1319 1107 tempore,
1346 1073 1425 1097 cum
1444 1073 1519 1096 car-

231 1117 326 1151 mina
352 1116 525 1151 claritatis
551 1116 667 1151 fontes
695 1120 824 1160 essent,
844 1115 1087 1151 Athenienses
1103 1116 1263 1150 Pindaro
1282 1115 1406 1150 decem
1423 1115 1520 1149 milia

233 1169 484 1204 drachmarum
510 1172 546 1204 et
562 1170 712 1214 proxeni
730 1170 902 1204 honorem
921 1169 1200 1213 decreverunt,⁶)
1219 1173 1354 1214 postea,
1394 1168 1516 1214 Anyto

230 1227 391 1269 rogante,
424 1223 602 1259 dederunt
626 1223 815 1259 Herodoto
851 1223 975 1259 decem
1008 1221 1188 1268 talentaff)
1262 1222 1398 1268 Delphi
1434 1222 1519 1257 Pin-

327 1374 351 1410 1)
371 1373 406 1404 E.
422 1373 459 1403 G.
475 1373 583 1403 affero:
605 1373 706 1404 Schol.
721 1373 798 1406 Plat.
813 1384 842 1412 p.
857 1375 923 1405 319.
946 1374 1071 1412 (Bekk.)
1093 1375 1143 1411 (’-ἶ
1154 1373 1203 1402 Fr.
1219 1373 1259 1402 H.
1276 1374 1313 1403 G.
1328 1373 1363 1402 II
1383 1374 1442 1404 320
1463 1374 1519 1411 sq.)

232 1419 360 1455 (ηκοινὰ
375 1419 411 1446 τὰ
424 1422 485 1447 τῶν
498 1418 658 1456 φίλων“);
678 1418 790 1447 Zenob.
806 1417 845 1446 V.
861 1419 907 1448 74.
922 1419 975 1455 (ἰ
993 1418 1028 1446 F.
1048 1418 1088 1447 H.
1111 1418 1148 1447 Gr.
1163 1417 1215 1446 III
1238 1418 1308 1454 157,
1321 1418 1381 1455 49.)
1403 1418 1520 1454 („miaa

234 1467 273 1501 γῆ
288 1463 447 1501 πατρίς“);
468 1461 580 1490 Zenob.
602 1461 619 1490 I
639 1463 677 1492 57
699 1462 829 1501 (Ἄκρον
849 1462 938 1498 λαβέ,
965 1463 1018 1491 καὶ
1040 1464 1140 1501 μέσον
1160 1462 1284 1499 ἔξεις-Ὅ.

325 1521 349 1557 ²)
370 1521 456 1558 Diog.
478 1520 577 1549 Laert.
600 1520 617 1549 Ι
639 1521 665 1557 1,
686 1522 724 1551 28
746 1531 789 1557 sq.

326 1579 353 1617 3)
373 1578 487 1610 Athen.
507 1578 574 1607 XII
594 1580 652 1609 520
673 1589 709 1615 a.,
730 1579 849 1609 Aelian.
870 1588 932 1608 var.
955 1578 1023 1607 hist.
1046 1578 1098 1607 ΙΙΙ
1118 1579 1166 1609 43.

327 1638 354 1675 4)
378 1637 518 1667 Ceterum
539 1638 631 1667 talem
652 1637 774 1675 librum,
803 1638 896 1667 etiam
919 1638 943 1667 si
965 1638 1124 1674 exstiterit,
1155 1637 1315 1667 Herodoto
1336 1637 1522 1675 incognitum

231 1681 321 1711 fuisse
342 1692 380 1711 ex
401 1691 436 1710 eo
458 1681 593 1719 efficitur,
615 1682 695 1719 quod
715 1682 905 1711 desideratur
925 1682 1005 1719 apud
1026 1691 1095 1710 eum
1116 1682 1305 1710 oraculorum
1327 1682 1520 1719 simplicium,

231 1726 312 1755 haud
332 1728 433 1754 tamen
455 1725 651 1754 obscurorum
673 1726 930 1763 commemoratio,
951 1726 1035 1755 velut
1055 1726 1144 1763 illius,
1166 1735 1225 1762 quo
1239 1725 1338 1763 phylis
1352 1725 1519 1755 Athenien-

233 1771 313 1800 sibus
335 1770 408 1799 deus
436 1770 558 1798 nomina
578 1769 638 1806 dat,
661 1770 710 1799 vel
736 1770 826 1807 illius,
859 1780 918 1807 quo
948 1772 1019 1807 post
1044 1776 1176 1808 pu'gnam
1202 1769 1411 1799 Plataeensem
1432 1769 1521 1798 Eleu-

233 1815 331 1844 theria
352 1814 516 1843 constituit.
539 1813 633 1851 (Plut.
654 1814 781 1843 Aristid.
804 1815 867 1850 21.)
890 1814 1066 1844 Herodotus
1088 1814 1138 1852 (V.
1160 1816 1212 1851 66)
1242 1814 1427 1843 mentionem
1449 1814 1522 1843 facit

232 1858 394 1888 Olisthenis
416 1858 520 1887 decem
542 1858 647 1896 phylas
667 1859 885 1888 constituentis.
908 1859 1069 1887 Oraculum
1089 1861 1191 1888 tamen
1205 1858 1385 1887 Aristoteles
1399 1858 1520 1887 demum

232 1903 327 1932 affert.
351 1902 438 1940 (Ath.
460 1913 482 1931 r.
504 1913 532 1940 p.
555 1913 580 1932 c.
602 1903 664 1939 21.)
694 1937 696 1942 ,

331 1961 360 2000 5)
385 1961 496 1990 Exstat
526 1964 627 1991 tamen
656 1962 788 1991 narratio
810 1962 848 1992 de
876 1962 1010 2000 tyrannis
1031 1962 1179 2000 Sicyoniis
1208 1962 1321 1991 tradita
1351 1972 1369 1990 a
1389 1961 1521 1991 Diodoro

231 2006 329 2043 (VIII
349 2007 399 2044 24)
421 2008 452 2035 et
472 2006 634 2035 Plutarcho
656 2006 708 2043 (de
729 2016 797 2036 sera
816 2007 947 2036 numinis
968 2006 1102 2036 vindicta
1121 2017 1146 2035 c.
1170 2008 1212 2044 7),
1245 2009 1384 2043 (quorum
1407 2006 1520 2035 fontem

230 2060 419 2080 communem
440 2050 596 2087 Ephorum
618 2050 711 2080 fuisse
732 2053 836 2081 censet
856 2051 964 2080 Busolt
984 2050 1024 2079 Ι.2
1043 2061 1073 2088 p.
1095 2052 1161 2081 661.
1185 2060 1251 2079 ann.
1273 2051 1314 2088 4),
1346 2061 1436 2088 quam
1461 2061 1520 2079 non

229 2105 306 2134 nego
328 2094 511 2124 simillimam
533 2104 598 2123 esse
619 2094 804 2124 Herodoteis
825 2095 882 2124 illis
904 2105 920 2125 e
941 2095 1024 2125 fonte
1044 2095 1239 2132 philodelpho
1261 2095 1385 2124 haustis.
1421 2095 1520 2123 Hero-

230 2139 319 2168 dotus
342 2139 441 2167 locum
462 2138 613 2175 idoneum,
644 2139 695 2167 ubi
715 2139 769 2167 has
790 2148 838 2167 res
867 2139 1038 2175 collocaret,
1069 2148 1129 2167 non
1159 2139 1308 2168 invenisse
1337 2139 1466 2175 videtur,
1497 2139 1520 2166 si

229 2183 394 2220 praebebat
415 2192 464 2211 eas
484 2192 517 2211 re
537 2192 609 2211 vera
629 2182 850 2220 philodelphus.
886 2183 954 2220 Qua
974 2192 1007 2212 re
1028 2183 1158 2211 fortasse
1178 2183 1288 2220 Delphi
1318 2183 1415 2211 coacti
1436 2185 1522 2211 erant

231 2226 269 2255 ad
290 2236 356 2255 eam
379 2226 437 2255 alia
456 2226 572 2254 ratione
594 2226 817 2264 divulgandam.

327 2284 354 2323 θ)
377 2284 471 2315 Isocr.
493 2286 569 2325 περὶ
591 2285 687 2315 avua.
711 2286 861 2324 (15)166.

327 2344 353 2381 7)
374 2344 513 2376 Plut.;de
533 2344 588 2372 H'i
609 2344 758 2382 malignit.
781 2346 827 2376 26.
