1770 2769
763 145 1004 179 -27-

334 249 457 285 Trium
495 250 660 296 partium,
701 250 830 296 quibus
869 254 1011 286 constat
1048 250 1115 285 hoc
1154 250 1348 295 oraculum,
1375 251 1395 285 I
1422 254 1459 285 et
1483 249 1525 285 II

235 303 473 339 lucidissimae
501 308 593 347 sunt,
620 304 684 339 III
710 316 814 339 nemo
842 308 898 339 sat
923 304 1123 340 luculenter
1149 305 1329 350 explicare
1355 308 1487 350 potest,
1499 303 1525 348 ¹)

234 369 327 404 nam,
371 370 434 393 cur
472 357 656 393 Arcesilas
700 357 861 403 Cyrenas
906 352 1168 405 „dpuptquww
1214 370 1292 394 esse
1333 358 1524 404 putaverit,

234 423 367 457 curque
394 410 513 447 Barca
538 412 658 457 potius
685 411 892 446 circumflua
919 412 966 447 sit
991 423 1098 458 quam
1125 411 1299 458 Cyrenae,
1326 412 1433 458 plane
1461 411 1522 447 ob-

238 477 380 501 scurum
407 469 471 501 est.

334 518 493 564 Simplex
532 530 609 554 esse
649 518 717 554 hoc
751 519 934 553 oraculum
968 531 1039 554 non
1065 519 1248 564 videtur.²)
1315 519 1523 554 Inauditum

234 572 328 607 enim
355 576 419 616 est,
447 572 553 608 deum
570 584 641 607 uno
661 572 856 618 eodemque
876 573 1020 608 oraculo
1039 573 1174 618 aliquid
1192 574 1314 609 iubere
1334 574 1523 609 rationem-

234 637 302 671 que
335 626 505 671 indicare,
545 638 617 671 qua
648 627 792 672 impune
822 627 958 661 iussum
983 627 1124 672 neglegi
1150 627 1273 672 possit.
1325 627 1429 661 Facit
1455 626 1523 661 hoc

232 679 331 724 deus,
369 692 449 715 cum
481 684 603 715 monet
629 680 841 723 Arcesilam,
878 692 922 715 ne
949 680 985 715 in
1014 680 1255 715 circumfluam
1282 684 1340 715 eat
1365 680 1523 715 decoctis

233 738 359 770 contra
380 735 516 785 iussum
542 734 735 780 amphoris.
778 733 1040 780 Suspicandum
1070 735 1179 780 igitur
1204 738 1269 780 est,
1305 734 1454 770 diversis
1480 746 1524 769 ex

233 788 396 833 partibus
424 789 645 824 concrevisse
672 788 740 823 hoc
763 788 958 826 oraculum.
986 787 1057 834 Qui
1084 800 1144 823 eas
1170 789 1345 834 iunxerat,
1371 788 1523 824 fortasse

233 854 357 878 versus
383 842 545 877 heroicos
572 842 710 877 solvere
736 842 905 889 debuitfl)
941 842 1041 877 ‘Pars
1059 843 1080 877 I
1107 854 1191 877 sane
1218 842 1263 877 ab
1289 843 1390 877 initio
1417 842 1523 877 alter-

232 896 304 931 utri
331 900 531 932 ceterarum
557 896 727 931 adiuncta
754 908 830 931 esse
856 900 987 941 potest.
1019 895 1214 932 Oraculum
1233 896 1391 931 dicebat:
1420 900 1522 942 „octo

231 949 423 984 Battiadae
450 950 662 996 regnabunt,
688 954 724 985 te
752 954 872 985 autem
897 962 1025 985 moneo
1051 962 1096 985 ne
1121 951 1158 984 in
1178 949 1419 984 circumfluam
1438 952 1519 984 eas“

231 1007 294 1038 aut
323 1007 425 1050 „octo
443 1003 635 1039 Battiadae
663 1004 874 1049 regnabunt,
901 1008 938 1039 te
965 1007 1085 1039 autem
1103 1015 1241 1048 moneo,
1269 1015 1314 1038 ne
1333 1003 1522 1048 amphoras

232 1057 445 1102 decoquas.“

328 1110 417 1157 Quis
444 1111 664 1146 diversarum
689 1112 846 1157 partium
873 1116 951 1147 erat
977 1111 1263 1147 contaminator?
1304 1111 1520 1147 Vaticinatio

230 1165 292 1200 illa
318 1165 361 1200 de
389 1168 469 1200 octo
495 1165 639 1211 regibus
665 1165 807 1211 prolata
832 1166 1010 1201 simillima
1036 1170 1091 1201 est
1116 1165 1270 1200 oraculis
1296 1165 1339 1200 de
1367 1165 1523 1210 quinque

230 1219 451 1254 Mermnadis
478 1223 514 1255 et
540 1220 583 1254 de
610 1220 749 1255 duobus
776 1218 978 1265 Cypselidis
1012 1220 1115 1264 datis,
1156 1231 1246 1264 quae
1285 1219 1374 1254 sonti
1410 1219 1523 1264 philo-

231 1273 361 1317 delpho
387 1273 626 1308 attribuimus.
654 1273 755 1308 Finis
781 1274 890 1308 trium
925 1274 1150 1308 oraculorum
1183 1273 1277 1307 idem
1311 1277 1383 1307 est:
1424 1284 1522 1307 mon-

331 1381 353 1415 ¹)
374 1379 546 1418 Schubring
567 1380 610 1417 (p.
632 1380 663 1416 6)
685 1380 775 1409 dicit:
815 1379 1021 1417 „Quamquam
1053 1380 1132 1408 enim
1163 1379 1254 1408 etiam
1284 1379 1417 1416 Cyrenae
1450 1378 1521 1407 urbs

231 1425 427 1462 ἀμφίρρυτος
448 1424 593 1460 appellari
613 1424 722 1460 potuit,
753 1433 814 1452 vox
841 1426 944 1452 tamen
973 1426 1018 1462 μὴ
1048 1423 1186 1462 ἐσέλθῃς
1214 1423 1304 1460 cogit,
1332 1426 1367 1451 ut
1394 1422 1431 1451 de
1462 1422 1521 1450 alia

233 1467 361 1504 quadam
383 1467 457 1496 urbe
479 1467 637 1505 cogitetur,
658 1477 729 1496 nam
750 1467 883 1504 Cyrenas
903 1476 957 1496 rex
978 1467 1154 1497 habitavit.“
1203 1466 1460 1504 Respondendum
1490 1466 1517 1495 ei

232 1514 287 1548 est,
308 1520 410 1549 regem
431 1511 496 1549 ipso
527 1512 579 1540 illo
609 1514 753 1549 tempore,
785 1521 854 1541 cum
885 1512 1043 1540 castellum
1072 1511 1270 1547 combureret,
1302 1520 1361 1539 non
1394 1510 1519 1547 Cyrenis

234 1555 360 1593 degisse.
402 1555 517 1584 Deinde
538 1555 710 1593 Schubring
731 1555 929 1584 creberrimos
950 1556 1064 1585 circum
1084 1555 1212 1584 Baream
1231 1558 1388 1583 nascentes
1418 1554 1519 1583 fontes

231 1599 395 1636 praedicat,
416 1599 500 1628 cuius
521 1599 565 1628 rei
585 1600 670 1628 testis
699 1599 737 1627 sit
768 1599 848 1628 della
869 1599 959 1628 Cella.
1012 1600 1096 1628 stein
1128 1599 1180 1636 (ad
1200 1599 1229 1627 h.
1251 1599 1285 1635 l.)
1321 1598 1519 1627 creberrimas

230 1643 355 1681 paludes
387 1643 491 1672 laudat
510 1642 701 1680 Beecheyum
730 1645 837 1672 testem
868 1643 1004 1672 afferens.
1056 1642 1128 1672 Jam
1155 1643 1229 1671 haec
1259 1642 1432 1671 testimonia
1459 1650 1519 1670 non

230 1690 400 1726 congruunt
421 1690 557 1725 suntque,
585 1688 637 1725 qui
657 1688 749 1717 etiam
771 1687 954 1725 Cyrenarum
982 1688 1135 1726 regionem
1164 1687 1252 1716 valde
1283 1695 1427 1724 aquosam
1455 1695 1520 1715 esse

228 1732 340 1768 dicant,
360 1732 414 1768 ita,
435 1741 509 1769 quos
530 1732 618 1761 affert
632 1731 718 1761 Stein
738 1732 777 1761 ad
792 1741 818 1761 c.
834 1733 891 1762 158
907 1732 1060 1770 (ἐνθαῦτα
1082 1733 1140 1770 γὰρ
1163 1734 1178 1760 ὁ
1200 1732 1333 1770 οὐρανὸς
1354 1731 1521 1769 τέτρηται).·

227 1776 374 1805 Arrianus
413 1775 497 1813 (Iud.
528 1777 580 1814 43)
611 1777 783 1815 ,,εὔυόρος“
814 1778 845 1805 et
868 1775 1023 1805 *Pindarus
1062 1776 1164 1813 (Pyth.
1195 1775 1243 1804 IV
1263 1776 1315 1812 52)
1343 1774 1519 1812 „(Battum)

229 1820 445 1858 κελαινεφέων
485 1820 603 1848 πεδίων
642 1820 826 1849 ὁεσπόταν,“
881 1819 953 1849 Meo
985 1820 1106 1857 quidem
1134 1819 1246 1848 iudicio
1274 1818 1431 1847 oraculum
1460 1827 1521 1847 non

227 1866 327 1900 potest
347 1863 491 1900 explicari
512 1863 626 1892 maiore
646 1864 694 1892 vel
714 1863 830 1892 minore
851 1873 996 1900 aquarum
1010 1864 1105 1900 copia.
1141 1863 1210 1891 Non
1224 1862 1410 1899 probabilior
1424 1862 1519 1891 inter-

227 1907 358 1944 pretatio
379 1907 462 1936 vocis
486 1908 716 1946 „tipagplppvtoffl
739 1910 793 1943 est,
815 1916 904 1944 quam
926 1906 998 1936 fecit
1018 1907 1131 1944 publici
1152 1907 1225 1935 iuris
1239 1906 1387 1935 Benedict
1401 1907 1443 1943 (p.
1459 1906 1519 1942 49),

231 1952 460 1990 ,ἀμφίρρυτος“
484 1950 582 1979 forum
604 1950 807 1980 aedificiorum
828 1951 905 1980 mari
926 1951 1133 1980 circumfluum
1155 1960 1229 1985 esse,
1263 1953 1294 1979 et
1314 1950 1388 1978 item
1414 1949 1475 1978 alia
1504 1959 1522 1977 a

227 1994 411 2023 Studniezka
433 1996 475 2031 (p.
498 1995 549 2031 99)
570 1995 699 2031 prolata,
720 1994 820 2023 forum
840 1995 1013 2024 hominibus
1045 1994 1253 2023 circumfluum
1282 1993 1435 2031 designari
1463 1993 1520 2021 hac

228 2047 312 2067 voce.
362 2037 475 2066 Forum
506 2048 567 2066 non
598 2040 645 2067 est
674 2038 773 2067 insula
802 2039 833 2067 in
864 2039 954 2067 turba
984 2038 1138 2067 hominum
1170 2038 1235 2066 sita.
1287 2037 1355 2075 Ego
1378 2037 1521 2073 arbitror,

228 2081 449 2119 desperandum
471 2091 535 2111 esse
556 2082 593 2110 de
608 2082 808 2119 explicatione
824 2082 989 2111 sufficiente
1003 2082 1085 2110 vocis
1102 2084 1344 2120 πάμφίρρυτος.“
1377 2081 1519 2109 Fortasse

229 2125 370 2154 cohaeret
398 2135 467 2153 cum
494 2125 551 2154 hac
578 2135 612 2154 re
643 2126 855 2154 obscurissima
885 2126 968 2154 locus
1000 2126 1049 2154 ille
1080 2134 1188 2162 parum
1220 2125 1351 2153 lucidus:
1384 2130 1423 2161 (c.
1447 2125 1517 2162 156)

228 2169 372 2208 „Myema
395 2170 428 2198 δὲ
450 2171 501 2207 ἴση
522 2171 605 2199 εἶναι
626 2173 645 2208 ἡ
667 2175 762 2207 νῆσος
783 2169 917 2208 (Platea)
932 2174 966 2209 τῇ
988 2174 1047 2198 νῦν
1068 2170 1265 2209 Κυρηναίων
1285 2169 1393 2198 πόλι.“

326 2214 350 2251 ²)
372 2213 461 2243 Vidit
488 2214 545 2243 hoc
574 2214 666 2243 etiam
687 2214 867 2252 Schubring.
896 2214 947 2251 qui
979 2217 1156 2251 argumento
1187 2214 1283 2242 utitur
1313 2214 1370 2242 hac
1399 2223 1432 2242 re
1460 2223 1519 2241 non

226 2260 331 2286 contra
351 2257 575 2294 simplicitatem
597 2258 650 2287 sed
671 2261 776 2287 contra
796 2258 1013 2296 genuinitatem
1036 2260 1154 2286 tantum
1176 2258 1291 2286 oraculi
1312 2264 1355 2294 (p.
1377 2259 1416 2293 6).

322 2300 346 2333 3)
368 2301 413 2330 De
434 2310 576 2330 versuum
598 2301 788 2330 heroicorum
801 2301 979 2330 rudimentis
994 2301 1031 2330 cf.
1047 2301 1269 2330 Mollmannum
1283 2312 1312 2339 p.
1329 2303 1376 2337 22,
1393 2301 1518 2335 Diimm-

226 2345 322 2374 lerum
344 2345 424 2382 apud
445 2345 660 2375 Studniczkam
680 2355 709 2383 p.
732 2347 780 2382 99,
802 2346 964 2375 Dielesium
988 2346 1006 2374 l.
1028 2346 1047 2374 l.
1069 2356 1098 2382 p.
1123 2347 1159 2376 19
1181 2356 1224 2383 sq.
