1770 2769
788 90 1033 123 —32—

258 197 446 232 donarium
473 197 518 232 ab
542 196 731 243 Aeginetis
758 196 1037 243 obtinendum.¹)
1081 196 1262 233 Videntur
1287 197 1445 233 noluisse
1473 208 1552 231 cum

258 250 325 286 deo
353 251 603 286 commercium
630 251 774 294 habere,
802 252 863 296 qui
884 263 946 286 eos
964 251 1088 296 paucis
1107 251 1211 285 annis
1229 254 1313 285 ante
1332 250 1551 295 prodiderat.

257 304 317 338 Ita
356 316 422 349 ego
462 304 577 338 audeo
618 305 726 339 etiam
766 304 834 339 hoc
872 303 1057 339 oraculum
1090 304 1275 349 assignare
1309 303 1551 349 philodelpho.

257 357 437 393 Versuum
464 358 690 393 heroicorum
716 357 881 393 absentia
908 358 1080 403 explicari
1107 361 1227 403 potest
1259 369 1311 401 eo,
1345 357 1441 402 quod
1473 369 1551 392 cum

257 411 335 445 loco
362 412 495 456 inepto,
523 411 585 446 ubi
612 411 813 446 collocabat
837 411 1049 446 Herodotus
1075 411 1272 455 oraculum,
1299 422 1371 444 non
1399 410 1553 455 quadra-

257 465 383 500 verint.

751 798 932 848 ·„OAPUT
960 800 1048 836 VII.

633 888 711 931 De
744 887 901 931 rebus
933 887 1172 932 Persicis.

351 985 560 1030 Antequam
588 985 632 1020 de
659 985 813 1020 oraculis
839 997 987 1029 agamus
1015 985 1189 1020 bellorum
1207 985 1436 1020 Persicorum
1462 989 1550 1020 tem-

252 1050 339 1083 pore
374 1039 478 1082 datis,
516 1038 754 1073 examinanda
787 1038 891 1073 nobis
926 1043 1019 1084 sunt,
1056 1051 1148 1085 quae
1182 1043 1307 1074 narrat
1338 1039 1549 1075 Herodotus

252 1092 351 1130 VIII
377 1094 520 1128 35—39
556 1093 600 1127 de
634 1092 758 1128 Persis
784 1092 948 1138 Delphos
984 1093 1139 1138 spoliare
1174 1093 1409 1128 tentantibus.
1470 1094 1550 1128 Viri

253 1146 360 1190 docti,
389 1147 450 1191 qui
476 1147 519 1181 de
547 1147 615 1180 hac
641 1158 680 1180 re
707 1146 860 1191 amplius
887 1146 1134 1181 disseruerunt
1151 1147 1295 1181 minime
1316 1146 1548 1182 concordant.

350 1244 375 1281 1)
397 1243 434 1272 cf.
456 1243 541 1272 VIII
563 1245 632 1274 122:
661 1246 865 1281 ,,πέμψαντες
887 1244 919 1272 δὲ
941 1244 1114 1282 ἀκροθίνια
1130 1246 1159 1272 ol
1182 1244 1341 1280 ’Έλληνες
1356 1246 1388 1279 ἐς
1404 1244 1550 1281 Δελφοὺς

251 1289 438 1325 ἐπειρώτεον
460 1289 512 1315 τὸν
533 1288 612 1315 θεὸν
634 1291 724 1326 κοινῇ
746 1289 775 1315 εἰ
796 1288 958 1324 λελάβηκε
974 1287 1100 1325 πλήρεα
1116 1289 1168 1315 καὶ
1184 1288 1299 1326 ἀρεστὰ
1314 1288 1349 1315 τὰ
1364 1286 1545 1325 ἀκροθίνια.

251 1333 267 1359 ὁ
290 1331 322 1359 δὲ
344 1331 418 1369 παρ’
440 1331 607 1369 Ἑλλήνων
627 1333 689 1370 μὲν
710 1335 771 1360 τῶν
791 1331 907 1360 ἄλλων
932 1333 1029 1370 ἔφησε
1057 1333 1151 1369 ἔχειν,
1182 1333 1268 1370 παρὰ
1289 1331 1485 1370 Αἰγινητέων
1514 1331 1546 1359 δὲ

251 1377 297 1411 οὔ,
330 1376 420 1404 ἀλλὰ
451 1378 580 1404 ἀπαίτεε
612 1378 725 1411 αὐτοὺς
757 1377 792 1404 τὰ
824 1377 969 1413 ἀριστήια
1002 1380 1053 1412 τῆς
1082 1378 1117 1403 ἐν
1143 1376 1308 1413 Σαλαμῖνι
1337 1376 1546 1413 ναυμαχίης.“

250 1419 337 1447 Stein
359 1419 408 1456 (ad
429 1420 628 1457 ,,ἀριστήια“)
649 1419 737 1447 dicit:
771 1419 844 1456 „der
866 1419 940 1448 Gott
965 1419 1026 1447 will
1056 1419 1153 1448 selber
1181 1419 1318 1457 thiitigen
1339 1418 1466 1448 Antheil
1497 1428 1546 1446 am

250 1462 339 1500 Siege
360 1462 473 1500 gehabt
494 1463 594 1492 haben
616 1463 676 1491 und
707 1463 847 1501 verlangt
875 1462 963 1492 dafiir
994 1463 1095 1492 seinen
1116 1463 1303 1493 Ehrenlohn.
1355 1462 1546 1492 Vermutlich

250 1516 312 1535 war
343 1507 392 1536 ein
421 1507 483 1535 ihm
515 1507 784 1544 zugeschriebenes
812 1508 968 1545 giinstiges
990 1507 1250 1537 Wunderzeichen
1280 1507 1348 1536 dem
1377 1506 1455 1544 agiu.
1486 1505 1545 1534 Ge-

249 1550 406 1579 schwader
426 1551 604 1588 begegnet.“
647 1551 754 1579 Busolt
775 1550 845 1588 (11²
865 1561 894 1588 p.
917 1552 988 1588 716)
1015 1551 1114 1579 locum
1135 1550 1345 1580 Herodoteum
1378 1550 1466 1579 aliter
1495 1559 1545 1578 ex-

251 1595 359 1631 plicat:
390 1594 494 1631 „Nach
515 1595 584 1624 dem
606 1595 745 1624 Urtheile
767 1595 822 1624 der
842 1594 1049 1633 Eidgenossen
1079 1595 1186 1624 hatten
1214 1595 1278 1625 sich
1306 1595 1355 1624 die
1375 1594 1546 1633 Aegineten

250 1648 298 1667 am
326 1639 453 1669 meisten
481 1640 512 1668 in
541 1640 595 1669 der
617 1639 759 1669 Schlacht
789 1640 1027 1678 ausgezeichnet.
1076 1640 1163 1669 Diese
1191 1640 1322 1669 weihten
1349 1639 1438 1668 dafiir
1464 1639 1546 1667 einer

246 1683 476 1721 Aufforderung
496 1684 548 1712 des
570 1683 678 1712 Gottes
708 1684 840 1721 folgend‚
870 1684 946 1712 nach
968 1684 1078 1721 Delphi
1107 1684 1194 1713 einen
1223 1684 1353 1713 ebernen
1374 1682 1546 1712 Mastbaum

247 1727 304 1756 mit
325 1727 390 1756 drei
411 1727 561 1766 goldenen
584 1727 740 1757 Sternen.“
796 1729 843 1758 Ita
863 1728 949 1758 Stein
969 1728 1114 1766 Apollini,
1145 1728 1253 1758 Busolt
1273 1727 1430 1767 Aeginetis
1459 1727 1544 1756 attri-

249 1772 315 1800 buit
337 1774 492 1811 ἀριστὴια.
542 1772 613 1802 Meo
635 1773 746 1802 iudicio
767 1773 943 1810 Aeginetae,
973 1773 1023 1809 qui
1045 1773 1102 1801 deo
1123 1773 1209 1802 donis
1238 1783 1299 1801 non
1320 1772 1544 1808 satisfecerant,

250 1816 421 1844 sacerdotes
443 1825 479 1844 eo
501 1818 620 1844 tantum
642 1819 871 1845 commoverunt
893 1816 931 1845 ad
951 1817 1122 1854 neglectum
1143 1816 1335 1854 explendum,
1363 1816 1444 1853 quod
1473 1815 1544 1843 adu-

251 1860 347 1888 lantes
368 1861 515 1899 ἀριστήια
536 1860 671 1897 ipsorum
693 1860 731 1889 ab
753 1860 795 1889 eis
816 1865 1026 1898 poposcerunt.
1061 1861 1173 1898 Apollo
1193 1861 1257 1898 ipse
1278 1870 1398 1898 pugnae
1418 1859 1545 1889 Salami-

247 1904 315 1932 niae
336 1914 397 1932 non
419 1904 609 1933 interfuerat.
653 1904 809 1942 Suffragiis
833 1914 849 1932 a
870 1904 995 1933 Graecis
1021 1904 1058 1933 de
1078 1905 1190 1933 virtute
1209 1905 1241 1932 in
1261 1913 1363 1942 pugna
1383 1903 1547 1933 Salaminia

246 1947 393 1984 praestita
413 1947 493 1983 latis,
516 1948 687 1977 sacerdotes
708 1948 764 1976 niti
785 1957 845 1976 non
867 1950 1018 1985 poterant,
1039 1957 1109 1976 nam
1130 1948 1219 1985 plane
1235 1948 1350 1985 eadem,
1373 1956 1450 1984 quae
1471 1946 1544 1975 dicit

245 1991 354 2020 Busolt
375 1991 412 2020 de
433 1992 637 2029 praemiorum
659 1992 874 2021 distributione
888 1995 959 2029 post
972 2002 1104 2029 pugnam
1118 1992 1328 2021 Plataeensem
1342 1992 1431 2028 facta,
1453 1991 1544 2020 etiam

245 2036 298 2064 has
320 2035 351 2063 in
372 2045 419 2063 res
442 2036 569 2064 cadunt:
590 2035 646 2065 112
666 2046 696 2073 p.
712 2037 769 2066 739
791 2045 860 2064 ann.
875 2037 902 2066 3.
927 2035 1121 2072 „Herodotus
1142 2039 1252 2065 wusste
1273 2036 1346 2065 aber
1366 2036 1463 2064 nichts
1484 2044 1543 2063 von

245 2079 299 2108 der
320 2079 500 2108 formlichen
521 2079 683 2117 Erteilung
713 2080 765 2108 des
785 2080 956 2108 Aristeions
986 2080 1048 2108 und
1077 2083 1172 2118 sagte,
1201 2080 1268 2109 dass
1297 2080 1360 2108 sich
1380 2079 1429 2108 die
1450 2078 1543 2108 Lace-

245 2123 420 2152 daemonier
436 2132 484 2152 am
499 2123 668 2161 tapfersten
689 2124 808 2162 gezeigt
828 2124 933 2153 hatten
936 2145 1057 2160 ......
1078 2124 1220 2162 Ephorus
1237 2124 1290 2153 hat
1303 2124 1384 2153 diese
1399 2123 1544 2161 Meinung

243 2167 302 2196 H's
334 2167 377 2196 als
399 2167 571 2197 Thatsache
603 2168 780 2206 hingestellt
801 2170 876 2199 ete.“
919 2168 1095 2198 Herodotus
1128 2169 1219 2198 etiam
1247 2168 1297 2198 hic
1328 2168 1370 2197 m'l
1391 2168 1466 2196 dicit
1485 2168 1543 2196 nisi

244 2210 342 2248 (VIII
362 2212 427 2248 93):
451 2214 505 2249 „6²1¹
527 2212 559 2240 δὲ
582 2216 617 2251 τῇ
639 2214 802 2251 ναυμαχίῃ
825 2214 918 2251 ταύτῃ
940 2214 1081 2249 ’ἥκουσαν
1095 2213 1268 2250 “Ελλήνων
1288 2213 1399 2251 ἄριστα
1414 2211 1543 2250 Αἰγινῆ-

244 2266 302 2290 ται,
331 2257 382 2283 ἐπὶ
414 2256 447 2284 δὲ
469 2256 669 2293 Ἀθηναῖοι.“
713 2255 830 2294 Ephori
859 2256 1065 2285 testimonium
1086 2257 1185 2294 (Diod.
1200 2256 1257 2286 XI.
1271 2257 1319 2287 27.
1333 2257 1395 2293 55.)
1436 2255 1542 2284 Busolt

243 2299 306 2336 ipse
340 2302 520 2336 aspernatur
541 2300 597 2329 112
619 2311 648 2337 p,
672 2301 728 2330 716
750 2310 818 2329 ann.
841 2303 858 2331 2
881 2303 913 2329 et
932 2302 959 2330 4.
1012 2301 1189 2336 Sacerdotes
1220 2301 1313 2339 igitur
1344 2300 1382 2329 ad
1412 2301 1542 2337 permul-

242 2343 353 2372 cendos
374 2344 593 2381 Aeginetarum
615 2345 731 2373 animos
752 2344 810 2381 ipsi
831 2345 975 2374 iudicium
997 2345 1035 2373 de
1056 2345 1167 2374 virtute
1190 2354 1293 2374 eorum
1316 2344 1459 2375 fecerant.
