<?xml version="1.0" encoding="UTF-8"?>
<!DOCTYPE html PUBLIC "-//W3C//DTD XHTML 1.0 Transitional//EN"
    "http://www.w3.org/TR/xhtml1/DTD/xhtml1-transitional.dtd">
<html xmlns="http://www.w3.org/1999/xhtml" xml:lang="en" lang="en">
 <head>
  <title>
</title>
<meta http-equiv="Content-Type" content="text/html;charset=utf-8" />
  <meta name='ocr-system' content='tesseract 3.04.00' />
  <meta name='ocr-capabilities' content='ocr_page ocr_carea ocr_par ocr_line ocrx_word'/>
</head>
<body>
  <div class='ocr_page' id='page_1' title='image "4737398_0028.png"; bbox 0 0 1770 2769; ppageno 0'>
   <div class='ocr_carea' id='block_1_1' title="bbox 805 154 1049 187">
    <p class='ocr_par' dir='ltr' id='par_1_1' title="bbox 805 154 1049 187">
     <span class='ocr_line' id='line_1_1' title="bbox 805 154 1049 187; baseline 0.004 -9"><span class='ocrx_word' id='word_1_1' title='bbox 805 154 1049 187; x_wconf 79' lang='lat'>—21—</span> 
     </span>
    </p>
   </div>
   <div class='ocr_carea' id='block_1_2' title="bbox 281 255 1571 1355">
    <p class='ocr_par' dir='ltr' id='par_1_2' title="bbox 282 255 1484 361">
     <span class='ocr_line' id='line_1_2' title="bbox 282 255 1476 306; baseline 0.003 -16"><span class='ocrx_word' id='word_1_2' title='bbox 282 268 311 293; x_wconf 89' lang='lat' dir='ltr'>c.</span> <span class='ocrx_word' id='word_1_3' title='bbox 337 258 415 294; x_wconf 80' lang='lat'>157,</span> <span class='ocrx_word' id='word_1_4' title='bbox 434 255 490 290; x_wconf 85' lang='lat' dir='ltr'>II.</span> <span class='ocrx_word' id='word_1_5' title='bbox 543 255 603 300; x_wconf 71' lang='lat' dir='ltr'>„ai</span> <span class='ocrx_word' id='word_1_6' title='bbox 629 255 670 291; x_wconf 81' lang='grc' dir='ltr'><strong><em>τὺ</em></strong></span> <span class='ocrx_word' id='word_1_7' title='bbox 697 255 779 300; x_wconf 74' lang='grc' dir='ltr'><strong><em>ἐμεῦ</em></strong></span> <span class='ocrx_word' id='word_1_8' title='bbox 806 256 939 304; x_wconf 78' lang='grc' dir='ltr'><strong><em>Λιβύην</em></strong></span> <span class='ocrx_word' id='word_1_9' title='bbox 962 257 1184 306; x_wconf 84' lang='grc' dir='ltr'><strong><em>μηλοτρόφον</em></strong></span> <span class='ocrx_word' id='word_1_10' title='bbox 1211 257 1307 301; x_wconf 81' lang='grc' dir='ltr'><strong><em>οἶδας</em></strong></span> <span class='ocrx_word' id='word_1_11' title='bbox 1331 255 1476 304; x_wconf 71' lang='grc' dir='ltr'><strong><em>ἄμεινον</em></strong></span> 
     </span>
     <span class='ocr_line' id='line_1_3' title="bbox 540 308 1484 361; baseline 0.005 -17"><span class='ocrx_word' id='word_1_12' title='bbox 540 309 588 357; x_wconf 87' lang='grc' dir='ltr'>μὴ</span> <span class='ocrx_word' id='word_1_13' title='bbox 614 308 731 345; x_wconf 78' lang='grc' dir='ltr'><strong><em>ἐλθών</em></strong></span> <span class='ocrx_word' id='word_1_14' title='bbox 757 309 926 353; x_wconf 73' lang='grc' dir='ltr'><strong><em>ἐλθόντος</em></strong></span> <span class='ocrx_word' id='word_1_15' title='bbox 951 308 1041 358; x_wconf 73' lang='grc' dir='ltr'><strong><em>ἄγαν</em></strong></span> <span class='ocrx_word' id='word_1_16' title='bbox 1065 309 1201 359; x_wconf 72' lang='grc' dir='ltr'><strong><em>ἄγαμαι</em></strong></span> <span class='ocrx_word' id='word_1_17' title='bbox 1227 315 1359 361; x_wconf 85' lang='grc' dir='ltr'><em>σοφίην</em></span> <span class='ocrx_word' id='word_1_18' title='bbox 1384 319 1484 349; x_wconf 84' lang='grc' dir='ltr'><strong><em>σεῦ.“</em></strong></span> 
     </span>
    </p>

    <p class='ocr_par' dir='ltr' id='par_1_3' title="bbox 281 368 1542 473">
     <span class='ocr_line' id='line_1_4' title="bbox 281 368 1497 419; baseline 0.003 -16"><span class='ocrx_word' id='word_1_19' title='bbox 281 381 310 404; x_wconf 90' lang='lat' dir='ltr'>c.</span> <span class='ocrx_word' id='word_1_20' title='bbox 333 371 412 404; x_wconf 85' lang='lat'>159.</span> <span class='ocrx_word' id='word_1_21' title='bbox 432 368 509 403; x_wconf 90' lang='lat' dir='ltr'>III.</span> <span class='ocrx_word' id='word_1_22' title='bbox 537 368 601 411; x_wconf 59' lang='grc' dir='ltr'>,ὣς</span> <span class='ocrx_word' id='word_1_23' title='bbox 625 368 662 403; x_wconf 85' lang='grc' dir='ltr'>δέ</span> <span class='ocrx_word' id='word_1_24' title='bbox 687 382 744 403; x_wconf 81' lang='grc' dir='ltr'>κεν</span> <span class='ocrx_word' id='word_1_25' title='bbox 771 368 806 411; x_wconf 76' lang='grc' dir='ltr'>ἐς</span> <span class='ocrx_word' id='word_1_26' title='bbox 832 369 966 417; x_wconf 82' lang='grc' dir='ltr'><strong><em>Λιβύην</em></strong></span> <span class='ocrx_word' id='word_1_27' title='bbox 993 371 1211 418; x_wconf 71' lang='grc' dir='ltr'><strong><em>πολυήρατον</em></strong></span> <span class='ocrx_word' id='word_1_28' title='bbox 1236 368 1382 418; x_wconf 63' lang='grc' dir='ltr'><strong><em>ὕστερον</em></strong></span> <span class='ocrx_word' id='word_1_29' title='bbox 1407 371 1497 419; x_wconf 71' lang='grc' dir='ltr'>ἔλθῃ</span> 
     </span>
     <span class='ocr_line' id='line_1_5' title="bbox 539 417 1542 473; baseline 0.006 -17"><span class='ocrx_word' id='word_1_30' title='bbox 539 426 604 468; x_wconf 80' lang='grc' dir='ltr'>γᾶς</span> <span class='ocrx_word' id='word_1_31' title='bbox 628 417 892 468; x_wconf 74' lang='grc' dir='ltr'><strong><em>ἀναδαιομένας,</em></strong></span> <span class='ocrx_word' id='word_1_32' title='bbox 918 422 1009 468; x_wconf 83' lang='grc' dir='ltr'><strong><em>μετά</em></strong></span> <span class='ocrx_word' id='word_1_33' title='bbox 1037 423 1074 459; x_wconf 83' lang='grc' dir='ltr'>οἵ</span> <span class='ocrx_word' id='word_1_34' title='bbox 1096 424 1191 460; x_wconf 76' lang='grc' dir='ltr'><strong><em>ποκά</em></strong></span> <span class='ocrx_word' id='word_1_35' title='bbox 1219 438 1313 473; x_wconf 84' lang='grc' dir='ltr'><strong><em>φαμι</em></strong></span> <span class='ocrx_word' id='word_1_36' title='bbox 1338 425 1542 473; x_wconf 73' lang='grc' dir='ltr'><strong><em>μελήσειν.“</em></strong></span> 
     </span>
    </p>

    <p class='ocr_par' dir='ltr' id='par_1_4' title="bbox 382 482 1461 529">
     <span class='ocr_line' id='line_1_6' title="bbox 382 482 1461 529; baseline 0.005 -13"><span class='ocrx_word' id='word_1_37' title='bbox 382 482 499 517; x_wconf 91' lang='lat' dir='ltr'>Unum</span> <span class='ocrx_word' id='word_1_38' title='bbox 526 486 647 516; x_wconf 88' lang='lat' dir='ltr'>autem</span> <span class='ocrx_word' id='word_1_39' title='bbox 672 494 718 517; x_wconf 90' lang='lat' dir='ltr'>ne</span> <span class='ocrx_word' id='word_1_40' title='bbox 744 482 901 517; x_wconf 79' lang='lat' dir='ltr'>litteram</span> <span class='ocrx_word' id='word_1_41' title='bbox 930 483 1071 528; x_wconf 88' lang='lat' dir='ltr'>quidem</span> <span class='ocrx_word' id='word_1_42' title='bbox 1098 483 1270 519; x_wconf 86' lang='lat' dir='ltr'>Doricam</span> <span class='ocrx_word' id='word_1_43' title='bbox 1295 486 1461 529; x_wconf 84' lang='lat' dir='ltr'>praebet:</span> 
     </span>
    </p>

    <p class='ocr_par' dir='ltr' id='par_1_5' title="bbox 282 534 1571 645">
     <span class='ocr_line' id='line_1_7' title="bbox 282 534 1571 588; baseline 0.004 -14"><span class='ocrx_word' id='word_1_44' title='bbox 282 552 310 575; x_wconf 91' lang='lat' dir='ltr'>c.</span> <span class='ocrx_word' id='word_1_45' title='bbox 334 542 413 575; x_wconf 85' lang='lat'>155.</span> <span class='ocrx_word' id='word_1_46' title='bbox 441 538 474 574; x_wconf 88' lang='lat' dir='ltr'>I.</span> <span class='ocrx_word' id='word_1_47' title='bbox 541 539 672 582; x_wconf 74' lang='lat' dir='ltr'>„Boin&#39;</span> <span class='ocrx_word' id='word_1_48' title='bbox 692 540 754 575; x_wconf 76' lang='grc' dir='ltr'>ἐπὶ</span> <span class='ocrx_word' id='word_1_49' title='bbox 772 539 891 588; x_wconf 77' lang='grc' dir='ltr'><strong><em>φωνὴν</em></strong></span> <span class='ocrx_word' id='word_1_50' title='bbox 909 534 1120 588; x_wconf 67' lang='grc' dir='ltr'><strong><em>ἦλθες-ἅναξ</em></strong></span> <span class='ocrx_word' id='word_1_51' title='bbox 1134 541 1171 577; x_wconf 77' lang='grc' dir='ltr'>δέ</span> <span class='ocrx_word' id='word_1_52' title='bbox 1188 553 1228 577; x_wconf 86' lang='grc' dir='ltr'>σε</span> <span class='ocrx_word' id='word_1_53' title='bbox 1248 545 1375 588; x_wconf 74' lang='grc' dir='ltr'><strong><em>Φοῖβος</em></strong></span> <span class='ocrx_word' id='word_1_54' title='bbox 1393 538 1571 579; x_wconf 67' lang='grc' dir='ltr'><strong><em>Ἀπόλλων</em></strong></span> 
     </span>
     <span class='ocr_line' id='line_1_8' title="bbox 541 593 1392 645; baseline 0.004 -16"><span class='ocrx_word' id='word_1_55' title='bbox 541 593 576 636; x_wconf 75' lang='grc' dir='ltr'>ἐς</span> <span class='ocrx_word' id='word_1_56' title='bbox 602 595 740 642; x_wconf 73' lang='grc' dir='ltr'><strong><em>Λιβύην</em></strong></span> <span class='ocrx_word' id='word_1_57' title='bbox 765 597 903 639; x_wconf 80' lang='grc' dir='ltr'><em>πέμπει</em></span> <span class='ocrx_word' id='word_1_58' title='bbox 927 595 1150 643; x_wconf 76' lang='grc' dir='ltr'><strong><em>μηλοτρόφον</em></strong></span> <span class='ocrx_word' id='word_1_59' title='bbox 1176 596 1392 645; x_wconf 82' lang='grc' dir='ltr'><strong><em>οἶκιστῆρα.“</em></strong></span> 
     </span>
    </p>

    <p class='ocr_par' dir='ltr' id='par_1_6' title="bbox 281 653 1570 914">
     <span class='ocr_line' id='line_1_9' title="bbox 379 653 1570 699; baseline 0.004 -13"><span class='ocrx_word' id='word_1_60' title='bbox 379 653 458 687; x_wconf 88' lang='lat' dir='ltr'>Iam</span> <span class='ocrx_word' id='word_1_61' title='bbox 484 654 594 697; x_wconf 88' lang='lat' dir='ltr'>igitur</span> <span class='ocrx_word' id='word_1_62' title='bbox 621 654 758 697; x_wconf 88' lang='lat' dir='ltr'>species</span> <span class='ocrx_word' id='word_1_63' title='bbox 785 653 972 687; x_wconf 86' lang='lat' dir='ltr'>dialectica</span> <span class='ocrx_word' id='word_1_64' title='bbox 999 654 1103 688; x_wconf 91' lang='lat' dir='ltr'>huius</span> <span class='ocrx_word' id='word_1_65' title='bbox 1130 655 1265 689; x_wconf 91' lang='lat' dir='ltr'>oraculi</span> <span class='ocrx_word' id='word_1_66' title='bbox 1281 667 1347 690; x_wconf 89' lang='lat' dir='ltr'>nos</span> <span class='ocrx_word' id='word_1_67' title='bbox 1364 660 1497 699; x_wconf 90' lang='lat' dir='ltr'>monet,</span> <span class='ocrx_word' id='word_1_68' title='bbox 1524 668 1570 690; x_wconf 89' lang='lat' dir='ltr'>ne</span> 
     </span>
     <span class='ocr_line' id='line_1_10' title="bbox 282 704 1570 752; baseline 0.002 -11"><span class='ocrx_word' id='word_1_69' title='bbox 282 705 327 741; x_wconf 92' lang='lat' dir='ltr'>ab</span> <span class='ocrx_word' id='word_1_70' title='bbox 353 705 480 741; x_wconf 88' lang='lat' dir='ltr'>iisdem</span> <span class='ocrx_word' id='word_1_71' title='bbox 506 705 710 741; x_wconf 86' lang='lat' dir='ltr'>hominibus</span> <span class='ocrx_word' id='word_1_72' title='bbox 730 704 996 752; x_wconf 75' lang='lat' dir='ltr'>Cyrenensibus</span> <span class='ocrx_word' id='word_1_73' title='bbox 1023 710 1129 752; x_wconf 87' lang='lat' dir='ltr'>atque</span> <span class='ocrx_word' id='word_1_74' title='bbox 1148 706 1190 742; x_wconf 87' lang='lat' dir='ltr'>II</span> <span class='ocrx_word' id='word_1_75' title='bbox 1209 712 1245 743; x_wconf 87' lang='lat' dir='ltr'>et</span> <span class='ocrx_word' id='word_1_76' title='bbox 1261 707 1324 743; x_wconf 91' lang='lat' dir='ltr'>III</span> <span class='ocrx_word' id='word_1_77' title='bbox 1342 708 1570 744; x_wconf 89' lang='lat' dir='ltr'>Herodotum</span> 
     </span>
     <span class='ocr_line' id='line_1_11' title="bbox 281 760 1570 806; baseline 0.003 -11"><span class='ocrx_word' id='word_1_78' title='bbox 281 761 464 805; x_wconf 85' lang='lat' dir='ltr'>accepisse</span> <span class='ocrx_word' id='word_1_79' title='bbox 490 764 667 806; x_wconf 88' lang='lat' dir='ltr'>putemus.</span> <span class='ocrx_word' id='word_1_80' title='bbox 707 760 872 805; x_wconf 84' lang='lat' dir='ltr'>Accedit,</span> <span class='ocrx_word' id='word_1_81' title='bbox 900 761 995 806; x_wconf 92' lang='lat' dir='ltr'>quod</span> <span class='ocrx_word' id='word_1_82' title='bbox 1022 762 1210 796; x_wconf 89' lang='lat' dir='ltr'>coniuncta</span> <span class='ocrx_word' id='word_1_83' title='bbox 1237 766 1291 797; x_wconf 89' lang='lat' dir='ltr'>est</span> <span class='ocrx_word' id='word_1_84' title='bbox 1317 775 1397 799; x_wconf 90' lang='lat' dir='ltr'>cum</span> <span class='ocrx_word' id='word_1_85' title='bbox 1424 764 1570 799; x_wconf 88' lang='lat' dir='ltr'>oraculo</span> 
     </span>
     <span class='ocr_line' id='line_1_12' title="bbox 281 814 1570 859; baseline 0.003 -10"><span class='ocrx_word' id='word_1_86' title='bbox 281 814 301 849; x_wconf 91' lang='lat' dir='ltr'>I</span> <span class='ocrx_word' id='word_1_87' title='bbox 326 815 578 859; x_wconf 85' lang='lat' dir='ltr'>interpretatio</span> <span class='ocrx_word' id='word_1_88' title='bbox 611 815 707 850; x_wconf 91' lang='lat' dir='ltr'>vocis</span> <span class='ocrx_word' id='word_1_89' title='bbox 732 814 930 857; x_wconf 80' lang='grc' dir='ltr'><strong><em>,,Βάττος,“</em></strong></span> <span class='ocrx_word' id='word_1_90' title='bbox 965 827 1070 859; x_wconf 87' lang='lat' dir='ltr'>quam</span> <span class='ocrx_word' id='word_1_91' title='bbox 1097 816 1251 851; x_wconf 84' lang='lat' dir='ltr'>secernit</span> <span class='ocrx_word' id='word_1_92' title='bbox 1275 816 1484 852; x_wconf 90' lang='lat' dir='ltr'>Herodotus</span> <span class='ocrx_word' id='word_1_93' title='bbox 1511 829 1570 853; x_wconf 87' lang='lat' dir='ltr'>ex-</span> 
     </span>
     <span class='ocr_line' id='line_1_13' title="bbox 281 866 1568 914; baseline 0.004 -12"><span class='ocrx_word' id='word_1_94' title='bbox 281 869 414 914; x_wconf 87' lang='lat' dir='ltr'>pressis</span> <span class='ocrx_word' id='word_1_95' title='bbox 450 868 566 903; x_wconf 88' lang='lat' dir='ltr'>verbis</span> <span class='ocrx_word' id='word_1_96' title='bbox 601 880 622 903; x_wconf 90' lang='lat' dir='ltr'>a</span> <span class='ocrx_word' id='word_1_97' title='bbox 648 866 892 904; x_wconf 79' lang='lat' dir='ltr'>&#39;Pheraeorum</span> <span class='ocrx_word' id='word_1_98' title='bbox 927 872 963 903; x_wconf 90' lang='lat' dir='ltr'>et</span> <span class='ocrx_word' id='word_1_99' title='bbox 989 867 1256 914; x_wconf 86' lang='lat' dir='ltr'>Cyrenaeorum</span> <span class='ocrx_word' id='word_1_100' title='bbox 1290 872 1568 907; x_wconf 87' lang='lat' dir='ltr'>narrationibus.</span> 
     </span>
    </p>

    <p class='ocr_par' dir='ltr' id='par_1_7' title="bbox 281 921 1570 1128">
     <span class='ocr_line' id='line_1_14' title="bbox 379 921 1570 969; baseline 0.003 -13"><span class='ocrx_word' id='word_1_101' title='bbox 379 921 585 967; x_wconf 87' lang='lat' dir='ltr'>Antequam</span> <span class='ocrx_word' id='word_1_102' title='bbox 622 922 666 956; x_wconf 93' lang='lat' dir='ltr'>de</span> <span class='ocrx_word' id='word_1_103' title='bbox 700 926 847 957; x_wconf 91' lang='lat' dir='ltr'>auctore</span> <span class='ocrx_word' id='word_1_104' title='bbox 882 922 1008 956; x_wconf 89' lang='lat' dir='ltr'>harum</span> <span class='ocrx_word' id='word_1_105' title='bbox 1043 934 1161 957; x_wconf 88' lang='lat' dir='ltr'>rerum</span> <span class='ocrx_word' id='word_1_106' title='bbox 1197 935 1218 957; x_wconf 88' lang='lat' dir='ltr'>a</span> <span class='ocrx_word' id='word_1_107' title='bbox 1251 923 1349 958; x_wconf 88' lang='lat' dir='ltr'>fonte</span> <span class='ocrx_word' id='word_1_108' title='bbox 1382 923 1570 969; x_wconf 84' lang='lat' dir='ltr'>Cyrenaeo</span> 
     </span>
     <span class='ocr_line' id='line_1_15' title="bbox 281 975 1570 1020; baseline 0.002 -11"><span class='ocrx_word' id='word_1_109' title='bbox 281 975 479 1009; x_wconf 90' lang='lat' dir='ltr'>alienarum</span> <span class='ocrx_word' id='word_1_110' title='bbox 497 987 722 1019; x_wconf 86' lang='lat' dir='ltr'>quaeramus,</span> <span class='ocrx_word' id='word_1_111' title='bbox 750 975 943 1020; x_wconf 88' lang='lat' dir='ltr'>videamus,</span> <span class='ocrx_word' id='word_1_112' title='bbox 970 979 1088 1009; x_wconf 83' lang='lat' dir='ltr'>utrum</span> <span class='ocrx_word' id='word_1_113' title='bbox 1107 975 1296 1019; x_wconf 85' lang='lat' dir='ltr'>Pindarus,</span> <span class='ocrx_word' id='word_1_114' title='bbox 1317 977 1377 1011; x_wconf 91' lang='lat' dir='ltr'>ubi</span> <span class='ocrx_word' id='word_1_115' title='bbox 1395 977 1439 1012; x_wconf 95' lang='lat' dir='ltr'>de</span> <span class='ocrx_word' id='word_1_116' title='bbox 1458 977 1570 1012; x_wconf 79' lang='lat' dir='ltr'>Batto</span> 
     </span>
     <span class='ocr_line' id='line_1_16' title="bbox 282 1027 1570 1073; baseline 0.002 -10"><span class='ocrx_word' id='word_1_117' title='bbox 282 1027 390 1063; x_wconf 90' lang='lat' dir='ltr'>verba</span> <span class='ocrx_word' id='word_1_118' title='bbox 423 1028 519 1073; x_wconf 87' lang='lat' dir='ltr'>facit,</span> <span class='ocrx_word' id='word_1_119' title='bbox 555 1028 623 1064; x_wconf 89' lang='lat' dir='ltr'>hoc</span> <span class='ocrx_word' id='word_1_120' title='bbox 657 1029 841 1064; x_wconf 91' lang='lat' dir='ltr'>oraculum</span> <span class='ocrx_word' id='word_1_121' title='bbox 865 1028 887 1063; x_wconf 91' lang='lat' dir='ltr'>I</span> <span class='ocrx_word' id='word_1_122' title='bbox 913 1032 996 1063; x_wconf 86' lang='lat' dir='ltr'>aute</span> <span class='ocrx_word' id='word_1_123' title='bbox 1032 1028 1153 1064; x_wconf 91' lang='lat' dir='ltr'>oculos</span> <span class='ocrx_word' id='word_1_124' title='bbox 1188 1029 1353 1065; x_wconf 90' lang='lat' dir='ltr'>habuerit</span> <span class='ocrx_word' id='word_1_125' title='bbox 1387 1043 1433 1065; x_wconf 88' lang='lat' dir='ltr'>an</span> <span class='ocrx_word' id='word_1_126' title='bbox 1459 1031 1570 1066; x_wconf 89' lang='lat' dir='ltr'>aliud.</span> 
     </span>
     <span class='ocr_line' id='line_1_17' title="bbox 282 1082 1093 1128; baseline 0.001 -13"><span class='ocrx_word' id='word_1_127' title='bbox 282 1082 462 1117; x_wconf 89' lang='lat' dir='ltr'>Pindarus</span> <span class='ocrx_word' id='word_1_128' title='bbox 489 1082 574 1116; x_wconf 85' lang='lat' dir='ltr'>dicit</span> <span class='ocrx_word' id='word_1_129' title='bbox 600 1082 726 1128; x_wconf 89' lang='lat' dir='ltr'>(Pyth.</span> <span class='ocrx_word' id='word_1_130' title='bbox 746 1083 814 1119; x_wconf 86' lang='lat' dir='ltr'>IV.</span> <span class='ocrx_word' id='word_1_131' title='bbox 833 1084 856 1116; x_wconf 89' lang='lat'>4</span> <span class='ocrx_word' id='word_1_132' title='bbox 874 1094 925 1127; x_wconf 85' lang='lat' dir='ltr'>sq.</span> <span class='ocrx_word' id='word_1_133' title='bbox 946 1084 991 1116; x_wconf 81' lang='lat'>59</span> <span class='ocrx_word' id='word_1_134' title='bbox 1011 1084 1093 1126; x_wconf 89' lang='lat' dir='ltr'>sq.):</span> 
     </span>
    </p>

    <p class='ocr_par' dir='ltr' id='par_1_8' title="bbox 282 1144 1455 1355">
     <span class='ocr_line' id='line_1_18' title="bbox 772 1144 1453 1192; baseline 0.001 -13"><span class='ocrx_word' id='word_1_135' title='bbox 772 1147 775 1150; x_wconf 78' lang='grc'><strong>’</strong></span> <span class='ocrx_word' id='word_1_136' title='bbox 1350 1144 1453 1192; x_wconf 79' lang='grc' dir='ltr'><strong><em>,,ἶρέα</em></strong></span> 
     </span>
     <span class='ocr_line' id='line_1_19' title="bbox 327 1197 1298 1246; baseline 0.001 -13"><span class='ocrx_word' id='word_1_137' title='bbox 327 1202 452 1245; x_wconf 80' lang='grc' dir='ltr'><strong><em>χρῆσεν</em></strong></span> <span class='ocrx_word' id='word_1_138' title='bbox 478 1197 659 1246; x_wconf 81' lang='grc' dir='ltr'><strong><em>οἰκιστῆρα</em></strong></span> <span class='ocrx_word' id='word_1_139' title='bbox 685 1197 820 1234; x_wconf 79' lang='grc' dir='ltr'><strong><em>Βάττον</em></strong></span> <span class='ocrx_word' id='word_1_140' title='bbox 846 1197 1074 1246; x_wconf 78' lang='grc' dir='ltr'><strong><em>καρποφόρου</em></strong></span> <span class='ocrx_word' id='word_1_141' title='bbox 1101 1198 1258 1244; x_wconf 51' lang='grc' dir='ltr'><strong><em>Λιβύαςίι</em></strong></span> <span class='ocrx_word' id='word_1_142' title='bbox 1274 1199 1298 1246; x_wconf 84' lang='lat'>¹)</span> 
     </span>
     <span class='ocr_line' id='line_1_20' title="bbox 282 1246 1364 1299; baseline 0.001 -13"><span class='ocrx_word' id='word_1_143' title='bbox 282 1256 318 1287; x_wconf 90' lang='lat' dir='ltr'>et</span> <span class='ocrx_word' id='word_1_144' title='bbox 343 1246 397 1294; x_wconf 51' lang='grc' dir='ltr'>,μδ</span> <span class='ocrx_word' id='word_1_145' title='bbox 422 1252 540 1297; x_wconf 80' lang='grc' dir='ltr'><strong><em>μάκαρ</em></strong></span> <span class='ocrx_word' id='word_1_146' title='bbox 566 1252 620 1287; x_wconf 79' lang='grc' dir='ltr'>υἱὲ</span> <span class='ocrx_word' id='word_1_147' title='bbox 646 1252 908 1297; x_wconf 80' lang='grc' dir='ltr'><strong><em>Πολυμνάστου,</em></strong></span> <span class='ocrx_word' id='word_1_148' title='bbox 935 1252 976 1287; x_wconf 83' lang='grc' dir='ltr'>σὲ</span> <span class='ocrx_word' id='word_1_149' title='bbox 1000 1251 1068 1287; x_wconf 75' lang='grc' dir='ltr'><strong><em>δ’ἐν</em></strong></span> <span class='ocrx_word' id='word_1_150' title='bbox 1094 1253 1206 1299; x_wconf 75' lang='grc' dir='ltr'><strong><em>τούτῳ</em></strong></span> <span class='ocrx_word' id='word_1_151' title='bbox 1231 1253 1364 1299; x_wconf 52' lang='grc' dir='ltr'><strong><em>λόγῳῖ)</em></strong></span> 
     </span>
     <span class='ocr_line' id='line_1_21' title="bbox 327 1301 1455 1355; baseline 0.002 -14"><span class='ocrx_word' id='word_1_152' title='bbox 327 1305 482 1354; x_wconf 83' lang='grc' dir='ltr'><strong><em>χρησμὸς</em></strong></span> <span class='ocrx_word' id='word_1_153' title='bbox 508 1302 682 1354; x_wconf 73' lang='grc' dir='ltr'><strong><em>ὤρθωσεν</em></strong></span> <span class='ocrx_word' id='word_1_154' title='bbox 706 1306 1082 1355; x_wconf 74' lang='grc' dir='ltr'><strong><em>μελίσσαςΛελφίδος</em></strong></span> <span class='ocrx_word' id='word_1_155' title='bbox 1107 1301 1295 1354; x_wconf 73' lang='grc' dir='ltr'><strong><em>αὐτομάτῳ</em></strong></span> <span class='ocrx_word' id='word_1_156' title='bbox 1322 1307 1455 1355; x_wconf 80' lang='grc' dir='ltr'><strong><em>κελάδῳ</em></strong></span> 
     </span>
    </p>
   </div>
   <div class='ocr_carea' id='block_1_3' title="bbox 283 1366 518 1371">
    <p class='ocr_par' dir='ltr' id='par_1_9' title="bbox 283 1366 518 1371">
     <span class='ocr_line' id='line_1_22' title="bbox 283 1366 518 1371; baseline 0 0"><span class='ocrx_word' id='word_1_157' title='bbox 283 1366 518 1371; x_wconf 95' lang='lat' dir='ltr'> </span> 
     </span>
    </p>
   </div>
   <div class='ocr_carea' id='block_1_4' title="bbox 280 1384 1576 2390">
    <p class='ocr_par' dir='ltr' id='par_1_10' title="bbox 280 1384 1573 1775">
     <span class='ocr_line' id='line_1_23' title="bbox 281 1384 1565 1421; baseline 0.001 -9"><span class='ocrx_word' id='word_1_158' title='bbox 281 1384 570 1420; x_wconf 86' lang='lat' dir='ltr'>pseudodorismum.</span> <span class='ocrx_word' id='word_1_159' title='bbox 612 1385 704 1413; x_wconf 88' lang='lat' dir='ltr'>Viros</span> <span class='ocrx_word' id='word_1_160' title='bbox 725 1385 792 1413; x_wconf 88' lang='lat' dir='ltr'>illos</span> <span class='ocrx_word' id='word_1_161' title='bbox 813 1385 982 1421; x_wconf 82' lang='lat' dir='ltr'>philologos</span> <span class='ocrx_word' id='word_1_162' title='bbox 1003 1385 1091 1413; x_wconf 86' lang='lat' dir='ltr'>valde</span> <span class='ocrx_word' id='word_1_163' title='bbox 1113 1385 1220 1413; x_wconf 79' lang='lat' dir='ltr'>stultos</span> <span class='ocrx_word' id='word_1_164' title='bbox 1235 1385 1338 1413; x_wconf 83' lang='lat' dir='ltr'>Maass</span> <span class='ocrx_word' id='word_1_165' title='bbox 1359 1385 1452 1413; x_wconf 88' lang='lat' dir='ltr'>fuisse</span> <span class='ocrx_word' id='word_1_166' title='bbox 1466 1387 1565 1421; x_wconf 81' lang='lat' dir='ltr'>putat,</span> 
     </span>
     <span class='ocr_line' id='line_1_24' title="bbox 281 1427 1567 1466; baseline 0.001 -11"><span class='ocrx_word' id='word_1_167' title='bbox 281 1427 332 1463; x_wconf 91' lang='lat' dir='ltr'>qui</span> <span class='ocrx_word' id='word_1_168' title='bbox 352 1427 484 1456; x_wconf 90' lang='lat' dir='ltr'>colorem</span> <span class='ocrx_word' id='word_1_169' title='bbox 504 1427 648 1456; x_wconf 90' lang='lat' dir='ltr'>Doricum</span> <span class='ocrx_word' id='word_1_170' title='bbox 668 1428 788 1456; x_wconf 88' lang='lat' dir='ltr'>oraculo</span> <span class='ocrx_word' id='word_1_171' title='bbox 809 1427 844 1456; x_wconf 92' lang='lat' dir='ltr'>II</span> <span class='ocrx_word' id='word_1_172' title='bbox 865 1431 895 1456; x_wconf 91' lang='lat' dir='ltr'>et</span> <span class='ocrx_word' id='word_1_173' title='bbox 915 1427 968 1456; x_wconf 86' lang='grc' dir='ltr'>ΙΙΙ</span> <span class='ocrx_word' id='word_1_174' title='bbox 988 1427 1149 1456; x_wconf 81' lang='lat' dir='ltr'>dedissent.</span> <span class='ocrx_word' id='word_1_175' title='bbox 1190 1428 1271 1456; x_wconf 89' lang='lat' dir='ltr'>Dicit</span> <span class='ocrx_word' id='word_1_176' title='bbox 1292 1428 1371 1457; x_wconf 91' lang='lat' dir='ltr'>enim</span> <span class='ocrx_word' id='word_1_177' title='bbox 1388 1437 1503 1466; x_wconf 85' lang='lat' dir='ltr'>„gegen</span> <span class='ocrx_word' id='word_1_178' title='bbox 1518 1428 1567 1456; x_wconf 86' lang='lat' dir='ltr'>die</span> 
     </span>
     <span class='ocr_line' id='line_1_25' title="bbox 280 1470 1569 1504; baseline 0.002 -4"><span class='ocrx_word' id='word_1_179' title='bbox 280 1470 442 1504; x_wconf 88' lang='lat' dir='ltr'>Dorismen</span> <span class='ocrx_word' id='word_1_180' title='bbox 462 1471 516 1501; x_wconf 88' lang='lat' dir='ltr'>der</span> <span class='ocrx_word' id='word_1_181' title='bbox 537 1471 904 1501; x_wconf 83' lang='lat' dir='ltr'>Herodothandschriften</span> <span class='ocrx_word' id='word_1_182' title='bbox 933 1474 967 1501; x_wconf 83' lang='grc' dir='ltr'><strong><em>αἰ</em></strong></span> <span class='ocrx_word' id='word_1_183' title='bbox 988 1474 1022 1501; x_wconf 86' lang='grc' dir='ltr'><strong><em>τύ</em></strong></span> <span class='ocrx_word' id='word_1_184' title='bbox 1054 1472 1157 1501; x_wconf 83' lang='lat' dir='ltr'>stehen</span> <span class='ocrx_word' id='word_1_185' title='bbox 1185 1472 1233 1502; x_wconf 92' lang='lat' dir='ltr'>die</span> <span class='ocrx_word' id='word_1_186' title='bbox 1261 1473 1415 1502; x_wconf 89' lang='lat' dir='ltr'>ionischen</span> <span class='ocrx_word' id='word_1_187' title='bbox 1436 1472 1569 1502; x_wconf 74' lang='lat' dir='ltr'>For-men</span> 
     </span>
     <span class='ocr_line' id='line_1_26' title="bbox 282 1515 1565 1555; baseline 0.001 -11"><span class='ocrx_word' id='word_1_188' title='bbox 282 1515 414 1553; x_wconf 81' lang='grc' dir='ltr'><strong><em>Λιβύην,</em></strong></span> <span class='ocrx_word' id='word_1_189' title='bbox 438 1518 581 1555; x_wconf 82' lang='grc' dir='ltr'><strong><em>σοφίην.“</em></strong></span> <span class='ocrx_word' id='word_1_190' title='bbox 633 1516 683 1545; x_wconf 81' lang='lat' dir='ltr'>Ita</span> <span class='ocrx_word' id='word_1_191' title='bbox 703 1517 865 1545; x_wconf 81' lang='lat' dir='ltr'>dialectum</span> <span class='ocrx_word' id='word_1_192' title='bbox 892 1517 1033 1545; x_wconf 83' lang='lat' dir='ltr'>Doricam</span> <span class='ocrx_word' id='word_1_193' title='bbox 1062 1517 1134 1545; x_wconf 85' lang='lat' dir='ltr'>satis</span> <span class='ocrx_word' id='word_1_194' title='bbox 1165 1517 1315 1553; x_wconf 81' lang='lat' dir='ltr'>cognitam</span> <span class='ocrx_word' id='word_1_195' title='bbox 1344 1516 1497 1545; x_wconf 83' lang='lat' dir='ltr'>habebant</span> <span class='ocrx_word' id='word_1_196' title='bbox 1525 1517 1565 1545; x_wconf 87' lang='lat' dir='ltr'>ad</span> 
     </span>
     <span class='ocr_line' id='line_1_27' title="bbox 282 1559 1566 1599; baseline 0.001 -11"><span class='ocrx_word' id='word_1_197' title='bbox 282 1559 474 1588; x_wconf 86' lang='lat' dir='ltr'>scribendum</span> <span class='ocrx_word' id='word_1_198' title='bbox 503 1562 537 1588; x_wconf 87' lang='grc' dir='ltr'><strong><em>αἰ</em></strong></span> <span class='ocrx_word' id='word_1_199' title='bbox 566 1563 596 1589; x_wconf 89' lang='lat' dir='ltr'>et</span> <span class='ocrx_word' id='word_1_200' title='bbox 617 1562 651 1589; x_wconf 88' lang='grc' dir='ltr'><strong><em>τύ</em></strong></span> <span class='ocrx_word' id='word_1_201' title='bbox 680 1570 734 1598; x_wconf 88' lang='lat' dir='ltr'>pro</span> <span class='ocrx_word' id='word_1_202' title='bbox 755 1562 785 1589; x_wconf 85' lang='grc' dir='ltr'>εἰ</span> <span class='ocrx_word' id='word_1_203' title='bbox 806 1563 836 1589; x_wconf 91' lang='lat' dir='ltr'>et</span> <span class='ocrx_word' id='word_1_204' title='bbox 857 1562 905 1596; x_wconf 87' lang='grc' dir='ltr'>σύ,</span> <span class='ocrx_word' id='word_1_205' title='bbox 937 1569 1043 1598; x_wconf 86' lang='lat' dir='ltr'>parum</span> <span class='ocrx_word' id='word_1_206' title='bbox 1066 1560 1104 1588; x_wconf 83' lang='lat' dir='ltr'>ad</span> <span class='ocrx_word' id='word_1_207' title='bbox 1125 1569 1212 1589; x_wconf 89' lang='lat' dir='ltr'>voces</span> <span class='ocrx_word' id='word_1_208' title='bbox 1234 1560 1357 1598; x_wconf 85' lang='grc' dir='ltr'><strong><em>Λιβύην</em></strong></span> <span class='ocrx_word' id='word_1_209' title='bbox 1387 1564 1418 1589; x_wconf 83' lang='lat' dir='ltr'>et</span> <span class='ocrx_word' id='word_1_210' title='bbox 1449 1562 1566 1599; x_wconf 78' lang='grc' dir='ltr'><strong><em>σοφίην</em></strong></span> 
     </span>
     <span class='ocr_line' id='line_1_28' title="bbox 281 1604 1567 1644; baseline 0.001 -12"><span class='ocrx_word' id='word_1_211' title='bbox 281 1604 440 1633; x_wconf 88' lang='lat' dir='ltr'>mutandas</span> <span class='ocrx_word' id='word_1_212' title='bbox 461 1604 492 1632; x_wconf 90' lang='lat' dir='ltr'>in</span> <span class='ocrx_word' id='word_1_213' title='bbox 513 1604 638 1640; x_wconf 83' lang='grc' dir='ltr'><strong><em>Λιβύαν</em></strong></span> <span class='ocrx_word' id='word_1_214' title='bbox 658 1609 689 1634; x_wconf 89' lang='lat' dir='ltr'>et</span> <span class='ocrx_word' id='word_1_215' title='bbox 710 1604 841 1644; x_wconf 70' lang='grc' dir='ltr'><strong><em>σοφίανῐ</em></strong></span> <span class='ocrx_word' id='word_1_216' title='bbox 862 1604 970 1634; x_wconf 86' lang='lat' dir='ltr'>Nonne</span> <span class='ocrx_word' id='word_1_217' title='bbox 991 1605 1107 1634; x_wconf 83' lang='lat' dir='ltr'>facilius</span> <span class='ocrx_word' id='word_1_218' title='bbox 1129 1605 1219 1633; x_wconf 81' lang='lat' dir='ltr'>estin</span> <span class='ocrx_word' id='word_1_219' title='bbox 1238 1604 1375 1633; x_wconf 78' lang='lat' dir='ltr'>librarios</span> <span class='ocrx_word' id='word_1_220' title='bbox 1391 1604 1483 1633; x_wconf 88' lang='lat' dir='ltr'>medii</span> <span class='ocrx_word' id='word_1_221' title='bbox 1498 1605 1567 1633; x_wconf 90' lang='lat' dir='ltr'>aevi</span> 
     </span>
     <span class='ocr_line' id='line_1_29' title="bbox 282 1647 1571 1686; baseline 0 -10"><span class='ocrx_word' id='word_1_222' title='bbox 282 1647 402 1684; x_wconf 86' lang='lat' dir='ltr'>culpam</span> <span class='ocrx_word' id='word_1_223' title='bbox 425 1648 561 1677; x_wconf 85' lang='lat' dir='ltr'>conferre</span> <span class='ocrx_word' id='word_1_224' title='bbox 582 1649 700 1677; x_wconf 84' lang='lat' dir='ltr'>litterae</span> <span class='ocrx_word' id='word_1_225' title='bbox 721 1660 740 1686; x_wconf 87' lang='grc' dir='ltr'><em>η</em></span> <span class='ocrx_word' id='word_1_226' title='bbox 760 1658 816 1686; x_wconf 89' lang='lat' dir='ltr'>pro</span> <span class='ocrx_word' id='word_1_227' title='bbox 836 1660 856 1678; x_wconf 88' lang='grc' dir='ltr'><strong><em>α</em></strong></span> <span class='ocrx_word' id='word_1_228' title='bbox 877 1649 1014 1686; x_wconf 77' lang='lat' dir='ltr'>positae?</span> <span class='ocrx_word' id='word_1_229' title='bbox 1034 1648 1075 1676; x_wconf 85' lang='lat' dir='ltr'>Et</span> <span class='ocrx_word' id='word_1_230' title='bbox 1089 1649 1156 1677; x_wconf 85' lang='lat' dir='ltr'>miri</span> <span class='ocrx_word' id='word_1_231' title='bbox 1170 1648 1213 1676; x_wconf 88' lang='lat' dir='ltr'>illi</span> <span class='ocrx_word' id='word_1_232' title='bbox 1228 1652 1364 1677; x_wconf 83' lang='lat' dir='ltr'>auctores</span> <span class='ocrx_word' id='word_1_233' title='bbox 1380 1648 1571 1685; x_wconf 75' lang='lat' dir='ltr'>corruptelae</span> 
     </span>
     <span class='ocr_line' id='line_1_30' title="bbox 284 1690 1573 1730; baseline 0 -10"><span class='ocrx_word' id='word_1_234' title='bbox 284 1700 302 1720; x_wconf 84' lang='lat' dir='ltr'>a</span> <span class='ocrx_word' id='word_1_235' title='bbox 323 1690 458 1721; x_wconf 82' lang='lat' dir='ltr'>Maassio</span> <span class='ocrx_word' id='word_1_236' title='bbox 478 1692 667 1729; x_wconf 86' lang='lat' dir='ltr'>vituperatae</span> <span class='ocrx_word' id='word_1_237' title='bbox 688 1702 742 1721; x_wconf 92' lang='lat' dir='ltr'>cur</span> <span class='ocrx_word' id='word_1_238' title='bbox 762 1693 893 1730; x_wconf 83' lang='lat' dir='ltr'>oracula,</span> <span class='ocrx_word' id='word_1_239' title='bbox 929 1702 1005 1730; x_wconf 87' lang='lat' dir='ltr'>quae</span> <span class='ocrx_word' id='word_1_240' title='bbox 1026 1692 1105 1730; x_wconf 87' lang='lat' dir='ltr'>apud</span> <span class='ocrx_word' id='word_1_241' title='bbox 1126 1692 1317 1721; x_wconf 84' lang='lat' dir='ltr'>Herodotum</span> <span class='ocrx_word' id='word_1_242' title='bbox 1339 1692 1480 1730; x_wconf 86' lang='lat' dir='ltr'>leguntur</span> <span class='ocrx_word' id='word_1_243' title='bbox 1500 1692 1573 1721; x_wconf 83' lang='lat' dir='ltr'>data</span> 
     </span>
     <span class='ocr_line' id='line_1_31' title="bbox 283 1735 1000 1775; baseline 0.003 -11"><span class='ocrx_word' id='word_1_244' title='bbox 283 1735 542 1774; x_wconf 81' lang='lat' dir='ltr'>Lacedaemoniis,</span> <span class='ocrx_word' id='word_1_245' title='bbox 562 1736 686 1775; x_wconf 74' lang='lat' dir='ltr'>Argivis</span> <span class='ocrx_word' id='word_1_246' title='bbox 706 1746 768 1766; x_wconf 89' lang='lat' dir='ltr'>non</span> <span class='ocrx_word' id='word_1_247' title='bbox 788 1736 1000 1775; x_wconf 81' lang='lat' dir='ltr'>temptabant?</span> 
     </span>
    </p>

    <p class='ocr_par' dir='ltr' id='par_1_11' title="bbox 281 1780 1571 1949">
     <span class='ocr_line' id='line_1_32' title="bbox 379 1780 1568 1818; baseline 0.001 -10"><span class='ocrx_word' id='word_1_248' title='bbox 379 1780 450 1809; x_wconf 84' lang='lat' dir='ltr'>Alia</span> <span class='ocrx_word' id='word_1_249' title='bbox 470 1781 605 1818; x_wconf 76' lang='lat' dir='ltr'>quaestio</span> <span class='ocrx_word' id='word_1_250' title='bbox 627 1784 681 1815; x_wconf 72' lang='lat' dir='ltr'>est,</span> <span class='ocrx_word' id='word_1_251' title='bbox 703 1791 775 1810; x_wconf 89' lang='lat' dir='ltr'>num</span> <span class='ocrx_word' id='word_1_252' title='bbox 796 1781 923 1810; x_wconf 83' lang='lat' dir='ltr'>fortasse</span> <span class='ocrx_word' id='word_1_253' title='bbox 944 1781 1133 1810; x_wconf 77' lang='lat' dir='ltr'>oraculorum</span> <span class='ocrx_word' id='word_1_254' title='bbox 1154 1781 1283 1818; x_wconf 85' lang='lat' dir='ltr'>genuina</span> <span class='ocrx_word' id='word_1_255' title='bbox 1303 1780 1451 1809; x_wconf 82' lang='lat' dir='ltr'>dialectus</span> <span class='ocrx_word' id='word_1_256' title='bbox 1480 1781 1568 1818; x_wconf 85' lang='lat' dir='ltr'>epica</span> 
     </span>
     <span class='ocr_line' id='line_1_33' title="bbox 282 1823 1571 1862; baseline 0.001 -10"><span class='ocrx_word' id='word_1_257' title='bbox 282 1823 381 1860; x_wconf 82' lang='lat' dir='ltr'>fuerit,</span> <span class='ocrx_word' id='word_1_258' title='bbox 395 1833 471 1861; x_wconf 86' lang='lat' dir='ltr'>quae</span> <span class='ocrx_word' id='word_1_259' title='bbox 486 1834 504 1853; x_wconf 89' lang='lat' dir='ltr'>a</span> <span class='ocrx_word' id='word_1_260' title='bbox 518 1825 645 1854; x_wconf 82' lang='lat' dir='ltr'>testibus</span> <span class='ocrx_word' id='word_1_261' title='bbox 657 1824 875 1862; x_wconf 82' lang='lat' dir='ltr'>Cyrenensibus</span> <span class='ocrx_word' id='word_1_262' title='bbox 888 1825 1009 1854; x_wconf 91' lang='lat' dir='ltr'>demum</span> <span class='ocrx_word' id='word_1_263' title='bbox 1024 1825 1054 1853; x_wconf 90' lang='lat' dir='ltr'>in</span> <span class='ocrx_word' id='word_1_264' title='bbox 1069 1825 1207 1854; x_wconf 86' lang='lat' dir='ltr'>Doricam</span> <span class='ocrx_word' id='word_1_265' title='bbox 1221 1824 1385 1861; x_wconf 85' lang='lat' dir='ltr'>depravata</span> <span class='ocrx_word' id='word_1_266' title='bbox 1397 1824 1444 1854; x_wconf 90' lang='lat' dir='ltr'>sit.</span> <span class='ocrx_word' id='word_1_267' title='bbox 1467 1824 1571 1853; x_wconf 87' lang='lat' dir='ltr'>Etiam</span> 
     </span>
     <span class='ocr_line' id='line_1_34' title="bbox 281 1868 1571 1907; baseline 0.001 -10"><span class='ocrx_word' id='word_1_268' title='bbox 281 1868 402 1898; x_wconf 78' lang='lat' dir='ltr'>oracula</span> <span class='ocrx_word' id='word_1_269' title='bbox 423 1878 440 1897; x_wconf 87' lang='lat' dir='ltr'>a</span> <span class='ocrx_word' id='word_1_270' title='bbox 462 1869 668 1905; x_wconf 80' lang='lat' dir='ltr'>sacerdotibus</span> <span class='ocrx_word' id='word_1_271' title='bbox 682 1869 836 1907; x_wconf 88' lang='lat' dir='ltr'>Delphicis</span> <span class='ocrx_word' id='word_1_272' title='bbox 851 1872 904 1898; x_wconf 90' lang='lat' dir='ltr'>aut</span> <span class='ocrx_word' id='word_1_273' title='bbox 918 1879 935 1898; x_wconf 92' lang='lat' dir='ltr'>a</span> <span class='ocrx_word' id='word_1_274' title='bbox 950 1869 1048 1907; x_wconf 87' lang='lat' dir='ltr'>poetis</span> <span class='ocrx_word' id='word_1_275' title='bbox 1064 1868 1282 1906; x_wconf 84' lang='lat' dir='ltr'>Cyrenensibus</span> <span class='ocrx_word' id='word_1_276' title='bbox 1297 1869 1413 1906; x_wconf 90' lang='lat' dir='ltr'>optimo</span> <span class='ocrx_word' id='word_1_277' title='bbox 1430 1878 1571 1898; x_wconf 85' lang='lat' dir='ltr'>sermone</span> 
     </span>
     <span class='ocr_line' id='line_1_35' title="bbox 281 1912 1481 1949; baseline 0 -8"><span class='ocrx_word' id='word_1_278' title='bbox 281 1912 447 1942; x_wconf 87' lang='lat' dir='ltr'>Homerico</span> <span class='ocrx_word' id='word_1_279' title='bbox 468 1913 605 1942; x_wconf 83' lang='lat' dir='ltr'>confecta</span> <span class='ocrx_word' id='word_1_280' title='bbox 624 1914 656 1942; x_wconf 90' lang='lat' dir='ltr'>in</span> <span class='ocrx_word' id='word_1_281' title='bbox 677 1924 728 1943; x_wconf 88' lang='lat' dir='ltr'>ore</span> <span class='ocrx_word' id='word_1_282' title='bbox 749 1913 905 1942; x_wconf 88' lang='lat' dir='ltr'>hominum</span> <span class='ocrx_word' id='word_1_283' title='bbox 925 1914 1116 1943; x_wconf 86' lang='lat' dir='ltr'>indoctorum</span> <span class='ocrx_word' id='word_1_284' title='bbox 1137 1913 1288 1949; x_wconf 90' lang='lat' dir='ltr'>corrumpi</span> <span class='ocrx_word' id='word_1_285' title='bbox 1308 1916 1481 1949; x_wconf 85' lang='lat' dir='ltr'>potuerunt.</span> 
     </span>
    </p>

    <p class='ocr_par' dir='ltr' id='par_1_12' title="bbox 281 1955 1576 2303">
     <span class='ocr_line' id='line_1_36' title="bbox 381 1955 1569 1994; baseline 0 -10"><span class='ocrx_word' id='word_1_286' title='bbox 381 1958 402 1990; x_wconf 86' lang='lat'>¹)</span> <span class='ocrx_word' id='word_1_287' title='bbox 423 1956 526 1985; x_wconf 83' lang='lat' dir='ltr'>Maass</span> <span class='ocrx_word' id='word_1_288' title='bbox 559 1959 598 1993; x_wconf 89' lang='lat' dir='ltr'>(p.</span> <span class='ocrx_word' id='word_1_289' title='bbox 620 1958 694 1994; x_wconf 87' lang='lat'>380)</span> <span class='ocrx_word' id='word_1_290' title='bbox 727 1957 818 1986; x_wconf 90' lang='lat' dir='ltr'>etiam</span> <span class='ocrx_word' id='word_1_291' title='bbox 849 1956 978 1986; x_wconf 85' lang='lat' dir='ltr'>Medeae</span> <span class='ocrx_word' id='word_1_292' title='bbox 1009 1957 1254 1985; x_wconf 85' lang='lat' dir='ltr'>vaticinationem</span> <span class='ocrx_word' id='word_1_293' title='bbox 1285 1956 1409 1984; x_wconf 83' lang='lat' dir='ltr'>oraculo</span> <span class='ocrx_word' id='word_1_294' title='bbox 1439 1955 1569 1992; x_wconf 88' lang='lat' dir='ltr'>Pythico</span> 
     </span>
     <span class='ocr_line' id='line_1_37' title="bbox 282 1999 1572 2036; baseline 0.001 -9"><span class='ocrx_word' id='word_1_295' title='bbox 282 1999 430 2028; x_wconf 84' lang='lat' dir='ltr'>attribuit.</span> <span class='ocrx_word' id='word_1_296' title='bbox 470 1999 503 2029; x_wconf 91' lang='lat' dir='ltr'>Si</span> <span class='ocrx_word' id='word_1_297' title='bbox 523 1999 672 2029; x_wconf 85' lang='lat' dir='ltr'>Pindarus</span> <span class='ocrx_word' id='word_1_298' title='bbox 694 2010 727 2029; x_wconf 87' lang='lat' dir='ltr'>re</span> <span class='ocrx_word' id='word_1_299' title='bbox 747 2010 820 2030; x_wconf 84' lang='lat' dir='ltr'>vera</span> <span class='ocrx_word' id='word_1_300' title='bbox 840 2003 939 2030; x_wconf 91' lang='lat' dir='ltr'>totum</span> <span class='ocrx_word' id='word_1_301' title='bbox 960 2001 1039 2029; x_wconf 90' lang='lat' dir='ltr'>hunc</span> <span class='ocrx_word' id='word_1_302' title='bbox 1061 2009 1228 2029; x_wconf 86' lang='lat' dir='ltr'>sermonem</span> <span class='ocrx_word' id='word_1_303' title='bbox 1248 1999 1377 2036; x_wconf 85' lang='lat' dir='ltr'>Pythiae</span> <span class='ocrx_word' id='word_1_304' title='bbox 1399 1999 1572 2036; x_wconf 84' lang='lat' dir='ltr'>subiiceret,</span> 
     </span>
     <span class='ocr_line' id='line_1_38' title="bbox 282 2043 1575 2082; baseline 0.001 -10"><span class='ocrx_word' id='word_1_305' title='bbox 282 2043 441 2073; x_wconf 84' lang='lat' dir='ltr'>artificium</span> <span class='ocrx_word' id='word_1_306' title='bbox 462 2044 615 2081; x_wconf 89' lang='lat' dir='ltr'>poeticum</span> <span class='ocrx_word' id='word_1_307' title='bbox 635 2045 692 2074; x_wconf 89' lang='lat' dir='ltr'>hoc</span> <span class='ocrx_word' id='word_1_308' title='bbox 714 2047 794 2074; x_wconf 86' lang='lat' dir='ltr'>esset</span> <span class='ocrx_word' id='word_1_309' title='bbox 821 2055 916 2082; x_wconf 89' lang='lat' dir='ltr'>neque</span> <span class='ocrx_word' id='word_1_310' title='bbox 947 2044 1078 2082; x_wconf 81' lang='lat' dir='ltr'>exempli</span> <span class='ocrx_word' id='word_1_311' title='bbox 1107 2044 1244 2073; x_wconf 82' lang='lat' dir='ltr'>imitatio.</span> <span class='ocrx_word' id='word_1_312' title='bbox 1296 2043 1358 2073; x_wconf 86' lang='lat' dir='ltr'>Sed</span> <span class='ocrx_word' id='word_1_313' title='bbox 1388 2044 1481 2073; x_wconf 86' lang='lat' dir='ltr'>verba</span> <span class='ocrx_word' id='word_1_314' title='bbox 1514 2046 1575 2081; x_wconf 66' lang='lat' dir='ltr'>„abs</span> 
     </span>
     <span class='ocr_line' id='line_1_39' title="bbox 282 2087 1574 2127; baseline 0 -12"><span class='ocrx_word' id='word_1_315' title='bbox 282 2090 454 2116; x_wconf 78' lang='grc' dir='ltr'><strong><em>κτίσσειεν“</em></strong></span> <span class='ocrx_word' id='word_1_316' title='bbox 478 2091 509 2117; x_wconf 90' lang='lat' dir='ltr'>et</span> <span class='ocrx_word' id='word_1_317' title='bbox 531 2089 774 2127; x_wconf 55' lang='lat' dir='ltr'>„dynoptaacbffl</span> <span class='ocrx_word' id='word_1_318' title='bbox 796 2088 888 2118; x_wconf 93' lang='lat' dir='ltr'>finem</span> <span class='ocrx_word' id='word_1_319' title='bbox 902 2089 981 2117; x_wconf 87' lang='lat' dir='ltr'>illius</span> <span class='ocrx_word' id='word_1_320' title='bbox 1005 2090 1155 2127; x_wconf 61' lang='grc' dir='ltr'>κχρῆσενιι</span> <span class='ocrx_word' id='word_1_321' title='bbox 1179 2087 1332 2116; x_wconf 83' lang='lat' dir='ltr'>continere</span> <span class='ocrx_word' id='word_1_322' title='bbox 1347 2087 1497 2122; x_wconf 89' lang='lat' dir='ltr'>videntur,</span> <span class='ocrx_word' id='word_1_323' title='bbox 1512 2097 1574 2116; x_wconf 86' lang='lat' dir='ltr'>non</span> 
     </span>
     <span class='ocr_line' id='line_1_40' title="bbox 282 2131 1574 2169; baseline 0.001 -10"><span class='ocrx_word' id='word_1_324' title='bbox 282 2140 430 2160; x_wconf 88' lang='lat' dir='ltr'>summam</span> <span class='ocrx_word' id='word_1_325' title='bbox 452 2132 572 2162; x_wconf 87' lang='lat' dir='ltr'>oraculi.</span> <span class='ocrx_word' id='word_1_326' title='bbox 626 2132 799 2162; x_wconf 85' lang='lat' dir='ltr'>Vertendus</span> <span class='ocrx_word' id='word_1_327' title='bbox 830 2133 913 2162; x_wconf 92' lang='lat' dir='ltr'>locus</span> <span class='ocrx_word' id='word_1_328' title='bbox 945 2134 1004 2162; x_wconf 82' lang='lat' dir='ltr'>est:</span> <span class='ocrx_word' id='word_1_329' title='bbox 1037 2131 1197 2169; x_wconf 85' lang='lat' dir='ltr'>„divinitus</span> <span class='ocrx_word' id='word_1_330' title='bbox 1228 2131 1354 2160; x_wconf 82' lang='lat' dir='ltr'>Battum</span> <span class='ocrx_word' id='word_1_331' title='bbox 1385 2131 1574 2161; x_wconf 83' lang='lat' dir='ltr'>conditorem</span> 
     </span>
     <span class='ocr_line' id='line_1_41' title="bbox 282 2174 1576 2214; baseline 0 -10"><span class='ocrx_word' id='word_1_332' title='bbox 282 2174 396 2212; x_wconf 87' lang='lat' dir='ltr'>Libyae</span> <span class='ocrx_word' id='word_1_333' title='bbox 417 2176 589 2214; x_wconf 84' lang='lat' dir='ltr'>appellavit,</span> <span class='ocrx_word' id='word_1_334' title='bbox 604 2180 638 2205; x_wconf 92' lang='lat' dir='ltr'>ut</span> <span class='ocrx_word' id='word_1_335' title='bbox 652 2177 750 2206; x_wconf 86' lang='lat' dir='ltr'>insula</span> <span class='ocrx_word' id='word_1_336' title='bbox 770 2177 876 2206; x_wconf 85' lang='lat' dir='ltr'>relicta</span> <span class='ocrx_word' id='word_1_337' title='bbox 897 2177 1040 2206; x_wconf 89' lang='lat' dir='ltr'>conderet</span> <span class='ocrx_word' id='word_1_338' title='bbox 1059 2176 1165 2205; x_wconf 88' lang='lat' dir='ltr'>urbem</span> <span class='ocrx_word' id='word_1_339' title='bbox 1180 2175 1367 2213; x_wconf 89' lang='lat' dir='ltr'>Medeaeque</span> <span class='ocrx_word' id='word_1_340' title='bbox 1388 2176 1482 2205; x_wconf 86' lang='lat' dir='ltr'>verba</span> <span class='ocrx_word' id='word_1_341' title='bbox 1503 2185 1576 2205; x_wconf 87' lang='lat' dir='ltr'>vera</span> 
     </span>
     <span class='ocr_line' id='line_1_42' title="bbox 281 2219 1572 2260; baseline 0.001 -12"><span class='ocrx_word' id='word_1_342' title='bbox 281 2219 447 2249; x_wconf 88' lang='lat' dir='ltr'>redderet.“</span> <span class='ocrx_word' id='word_1_343' title='bbox 483 2220 535 2249; x_wconf 89' lang='lat' dir='ltr'>Ad</span> <span class='ocrx_word' id='word_1_344' title='bbox 549 2225 631 2260; x_wconf 84' lang='grc' dir='ltr'><strong><em>χρᾶν</em></strong></span> <span class='ocrx_word' id='word_1_345' title='bbox 641 2231 666 2250; x_wconf 87' lang='lat' dir='ltr'>c.</span> <span class='ocrx_word' id='word_1_346' title='bbox 679 2230 739 2250; x_wconf 88' lang='lat' dir='ltr'>acc.</span> <span class='ocrx_word' id='word_1_347' title='bbox 752 2221 832 2259; x_wconf 89' lang='lat' dir='ltr'>dupl.</span> <span class='ocrx_word' id='word_1_348' title='bbox 845 2222 883 2251; x_wconf 77' lang='lat' dir='ltr'>cf.</span> <span class='ocrx_word' id='word_1_349' title='bbox 895 2220 1050 2258; x_wconf 88' lang='lat' dir='ltr'>Euripidis</span> <span class='ocrx_word' id='word_1_350' title='bbox 1072 2220 1094 2249; x_wconf 90' lang='lat' dir='ltr'>J</span> <span class='ocrx_word' id='word_1_351' title='bbox 1095 2230 1142 2249; x_wconf 91' lang='lat' dir='ltr'>on.</span> <span class='ocrx_word' id='word_1_352' title='bbox 1159 2221 1230 2250; x_wconf 76' lang='lat'>7922</span> <span class='ocrx_word' id='word_1_353' title='bbox 1254 2223 1317 2257; x_wconf 73' lang='lat' dir='ltr'>„rig</span> <span class='ocrx_word' id='word_1_354' title='bbox 1328 2222 1387 2249; x_wconf 83' lang='grc' dir='ltr'>οὖν</span> <span class='ocrx_word' id='word_1_355' title='bbox 1398 2220 1572 2259; x_wconf 74' lang='grc' dir='ltr'><strong><em>ἐχρήσθη,“</em></strong></span> 
     </span>
     <span class='ocr_line' id='line_1_43' title="bbox 282 2263 767 2303; baseline 0.004 -11"><span class='ocrx_word' id='word_1_356' title='bbox 282 2263 333 2292; x_wconf 91' lang='lat' dir='ltr'>ubi</span> <span class='ocrx_word' id='word_1_357' title='bbox 355 2265 556 2302; x_wconf 88' lang='lat' dir='ltr'>supplendum</span> <span class='ocrx_word' id='word_1_358' title='bbox 578 2268 625 2295; x_wconf 84' lang='lat' dir='ltr'>est</span> <span class='ocrx_word' id='word_1_359' title='bbox 648 2268 767 2303; x_wconf 64' lang='lat' dir='ltr'>„nats-,⁶¹</span> 
     </span>
    </p>

    <p class='ocr_par' dir='ltr' id='par_1_13' title="bbox 282 2307 1574 2390">
     <span class='ocr_line' id='line_1_44' title="bbox 378 2307 1574 2346; baseline -0.001 -8"><span class='ocrx_word' id='word_1_360' title='bbox 378 2309 406 2345; x_wconf 73' lang='lat'>²)</span> <span class='ocrx_word' id='word_1_361' title='bbox 432 2309 687 2346; x_wconf 88' lang='lat' dir='ltr'>„Accommodate</span> <span class='ocrx_word' id='word_1_362' title='bbox 708 2310 746 2338; x_wconf 92' lang='lat' dir='ltr'>ad</span> <span class='ocrx_word' id='word_1_363' title='bbox 767 2310 846 2338; x_wconf 87' lang='lat' dir='ltr'>hunc</span> <span class='ocrx_word' id='word_1_364' title='bbox 868 2310 1062 2345; x_wconf 75' lang='lat' dir='ltr'>sennonem,&#39;‘</span> <span class='ocrx_word' id='word_1_365' title='bbox 1088 2309 1175 2345; x_wconf 72' lang='lat' dir='ltr'>„huic</span> <span class='ocrx_word' id='word_1_366' title='bbox 1189 2307 1316 2338; x_wconf 83' lang='lat' dir='ltr'>Medeae</span> <span class='ocrx_word' id='word_1_367' title='bbox 1337 2309 1480 2337; x_wconf 82' lang='lat' dir='ltr'>vaticinio</span> <span class='ocrx_word' id='word_1_368' title='bbox 1502 2318 1574 2337; x_wconf 89' lang='lat' dir='ltr'>con-</span> 
     </span>
     <span class='ocr_line' id='line_1_45' title="bbox 282 2352 665 2390; baseline 0.008 -10"><span class='ocrx_word' id='word_1_369' title='bbox 282 2352 464 2382; x_wconf 88' lang='lat' dir='ltr'>venienter.“</span> <span class='ocrx_word' id='word_1_370' title='bbox 507 2353 665 2390; x_wconf 86' lang='lat' dir='ltr'>(Boeckh.)</span> 
     </span>
    </p>
   </div>
  </div>
 </body>
</html>
