1770 2769
750 90 991 122 —16—

216 195 326 230 tribui
360 196 510 241 possint,
547 195 638 230 duae
673 198 814 230 tantum
839 195 950 230 totius
977 195 1106 241 eapitis
1132 195 1347 241 particulae:
1388 196 1513 241 altera,

217 261 308 295 quae
337 253 477 295 spectat
503 249 550 284 ad
576 248 762 284 oraculum
789 247 886 294 Gygi
913 249 1047 294 datum,
1075 249 1200 293 altera,
1236 261 1329 295 quae
1361 249 1515 295 explicat

217 303 423 338 vaticinium
458 303 502 337 de
538 303 633 337 mulo
668 314 753 347 rege
779 303 971 348 prolatum.
1012 302 1095 350 Sed,
1132 314 1211 337 cum
1238 303 1327 338 haec
1354 303 1512 349 oracula,

216 361 255 392 ut
285 369 425 402 semper
451 355 503 402 fit,
542 356 663 392 facilia
690 357 761 392 sint
799 360 882 402 post
921 362 1087 391 eventum
1125 357 1321 398 intellectu,
1362 369 1512 402 cumque

218 422 326 455 quam
352 411 444 445 liber
471 412 518 445 sit
544 410 756 445 Herodotus
789 410 826 444 111
852 410 1029 455 fingendis
1055 409 1209 455 Pythiae
1244 410 1373 454 verbis,
1408 410 1511 445 intel-

217 464 423 508 lexerimus,
451 476 522 498 non
551 463 685 506 dubito,
714 463 800 508 quin
826 467 941 498 totum
968 464 1034 498 hoc
1062 467 1171 508 caput
1194 463 1375 499 conclusio
1393 464 1513 509 potius

218 517 425 552 Croesiadis
443 517 489 552 ab
503 516 693 552 Herodoto
713 517 897 562 eleganter
914 517 1071 561 inventa,
1099 528 1205 562 quam
1224 517 1385 552 narratio
1403 517 1512 552 fontis

216 571 388 616 Delphici
407 571 453 606 sit
480 571 645 615 religiose
664 571 709 605 ab
731 582 773 605 eo
800 570 926 606 relata.
968 570 1170 606 Pessimum
1197 571 1397 616 exemplum
1424 571 1514 606 haec

219 625 501 669 narratiuncula,
530 625 560 659 si
586 636 630 659 ex
656 636 717 659 ore
747 624 972 660 sacerdotum
1000 624 1260 670 Delphicorum
1277 625 1512 670 provenisset,

218 679 383 714 omnibus
399 678 602 714 hominibus
618 682 748 714 eventu
762 678 988 714 oraculorum
1001 691 1072 714 non
1085 680 1262 715 contentis
1275 678 1512 725 praebuisset,

219 745 300 767 nam
327 734 383 767 ius
410 733 562 767 rationis
588 744 610 767 a
636 733 703 767 deo
731 733 950 778 repetendae
978 733 1028 767 eis
1055 733 1302 768 concessisset.

319 796 375 832 Ita
402 795 554 832 Λυδικὸν
579 796 682 843 λόγον
708 796 933 842 perlustrans
973 808 1040 843 ego
1080 797 1237 842 quinque
1278 797 1353 832 eius
1392 788 1513 842 partes

217 851 371 885 testibus
398 850 581 885 Herodoti
608 850 795 895 Delphicis
822 850 990 894 attribuo,
1018 850 1080 885 ubi
1106 855 1294 885 narratur:

317 916 348 949 1.
378 914 421 949 de
450 913 565 960 Gygis
592 914 827 959 usurpatione
854 926 876 948 a
903 914 969 949 deo
997 913 1217 959 confirmata,

316 979 348 1012 2.
377 978 420 1013 de
447 990 535 1025 pace
563 978 608 1013 ab
636 977 784 1022 Alyatte
812 978 879 1012 deo
906 977 1052 1012 iubente
1080 990 1160 1012 cum
1185 977 1339 1012 Milesiis
1366 977 1469 1022 facta,

318 1043 350 1076 3.
380 1041 423 1076 de
452 1041 650 1076 tentatione
678 1040 915 1085 oraculorum,

316 1107 348 1139 4.
377 1106 421 1140 de
449 1105 594 1140 oraculo
621 1109 788 1139 monente
814 1103 987 1139 Croesum
1014 1108 1054 1139 ut
1081 1108 1205 1139 caveat
1231 1105 1365 1139 mulum
1392 1116 1511 1149 regem

375 1159 581 1201 Persarum,

317 1225 350 1259 5.
380 1223 423 1258 de
450 1226 549 1257 muto
577 1222 649 1257 filio
678 1226 815 1257 sanato.

315 1286 384 1321 His
411 1286 606 1321 historiolis
634 1287 719 1321 satis
746 1285 855 1321 fiebat
882 1285 1058 1331 omnibus,
1094 1286 1153 1331 qui
1180 1286 1414 1331 quaerebant,
1448 1298 1512 1321 cur

218 1345 401 1376 tantorum
428 1341 680 1376 thesaurorum
708 1340 901 1375 donatores
927 1340 1143 1376 interierint.

318 1395 374 1429 Ex
392 1394 612 1439 Bacchylide
632 1395 774 1437 scimus,
801 1394 920 1440 fuisse,
949 1394 1010 1438 qui
1036 1398 1238 1437 narrarent,
1267 1393 1439 1428 Croesum
1467 1394 1511 1428 ab

220 1447 392 1493 Apolline
420 1460 463 1482 ex
489 1459 575 1492 rogo
601 1448 638 1481 111
657 1447 978 1492 Hyperboreorum
1004 1446 1093 1481 fines
1127 1447 1341 1481 translatum
1376 1447 1511 1492 055031)

514 1511 693 1557 ,,ἆ’πιστον
720 1509 817 1549 οὐδὲν
844 1511 899 1549 ὅτι
925 1516 1023 1549 θεῶν
1048 1516 1198 1560 μέριμνα

514 1568 638 1612 τεύχει.
667 1567 748 1603 τότε
776 1567 973 1614 Δαλογενὴς
993 1564 1169 1602 Ἀπόλλων

517 1625 634 1670 φέρων
661 1621 696 1663 ἐς
720 1618 970 1668 Ὑπερβορέους
995 1623 1140 1668 γέροντα

513 1676 576 1711 σὺν
602 1675 834 1723 τανισφύροις
860 1678 1052 1710 κατένασσε
1077 1675 1254 1722 κούραις.“

322 1745 456 1790 Delphi
484 1745 637 1780 fortasse
665 1748 831 1780 auctores
859 1748 962 1779 erant
988 1745 1096 1779 etiam
1114 1745 1331 1779 narrationis
1350 1744 1510 1790 Bacchy-

217 1799 346 1844 lideae,
375 1811 467 1844 quae
496 1811 581 1835 sane
609 1799 792 1844 antiquior
818 1810 895 1833 esse
923 1799 1064 1833 videtur
1081 1798 1276 1833 historiolis
1293 1798 1512 1834 Herodoteis

218 1865 261 1887 ex
288 1853 388 1887 fonte
416 1853 649 1897 philodelpho
678 1853 885 1896 desumptis.
925 1852 1120 1886 Destinata
1139 1856 1193 1885 est
1210 1852 1424 1895 hominibus,
1452 1853 1512 1897 qui

218 1906 381 1941 sciebant
409 1905 583 1941 Croesum
612 1906 722 1941 fuisse
749 1905 882 1940 bonum
910 1905 967 1939 dei
1001 1905 1153 1939 amicum
1189 1904 1344 1950 dignum,
1379 1905 1440 1950 qui
1466 1905 1512 1941 ad

217 1960 491 2005 Hyperboreos,
507 1960 669 1995 homines
689 1960 943 2003 sanctissimos,
958 1958 1226 1994 transferretur.
1246 1957 1348 2004 Quae
1362 1959 1512 2005 legimus

316 2072 341 2108 1)
365 2082 390 2101 c.
411 2071 464 2099 ΙΙΙ
487 2072 612 2108 (Blass.)
637 2082 663 2101 v,
685 2073 722 2102 57
746 2082 788 2109 sq.
841 2072 1039 2108 Bacchylides
1068 2072 1132 2109 ipse
1159 2072 1232 2101 duas
1254 2072 1292 2101 de
1314 2071 1423 2101 Croeso
1451 2082 1511 2101 ser-

217 2118 287 2144 vato
309 2116 496 2144 narrationes
519 2116 714 2153 contaminat,
737 2117 871 2153 alteram,
893 2116 923 2144 in
939 2126 999 2153 qua
1014 2116 1052 2145 ad
1066 2116 1282 2154 Hyperboreos
1296 2116 1511 2153 transponitur,

217 2160 354 2196 alteram,
375 2161 405 2188 in
428 2170 488 2197 qua
508 2161 605 2189 imber
625 2161 692 2198 rogi
712 2161 849 2190 flammas
872 2161 1045 2198 exstinguit.
1097 2161 1166 2190 Non
1187 2161 1267 2190 enim
1288 2171 1363 2198 opus
1386 2163 1432 2189 est
1460 2171 1510 2189 ex-

218 2204 378 2232 stinctione
400 2205 478 2241 ignis
500 2205 537 2233 ad
559 2214 627 2233 eum
648 2205 912 2234 transferendum·
940 2204 1082 2233 Fortasse
1102 2205 1194 2233 etiam
1215 2204 1363 2233 Pindarus
1385 2205 1512 2233 similem

216 2248 354 2283 praebuit
382 2248 594 2284 narrationem,
623 2257 693 2276 nam
722 2248 958 2285 (Harpocration
989 2258 1010 2276 s.
1043 2258 1071 2277 v.
1098 2248 1250 2287 Ἅβαρις.)
1278 2248 1364 2285 dixit,
1394 2247 1511 2276 Abarin

217 2291 449 2328 Hyperboreum
472 2293 628 2329 aequalem
650 2292 742 2321 fuisse
764 2292 875 2321 Croesi.
