1770 2769
236 288 383 323 ταῦτα.“
459 286 518 321 Ita
560 284 694 331 Apollo
737 285 775 319 in
821 285 1068 331 antiquissima
1114 285 1236 322 fabula
1256 286 1282 332 ¹)
1328 286 1520 332 Lycurgea

236 341 354 376 locum
379 352 452 375 non
477 338 644 374 habebat.
697 339 825 383 Neque
852 339 945 374 enim
971 340 1104 384 pietate
1122 340 1342 382 movebatur,
1362 341 1422 385 qui
1442 352 1521 374 eam

239 398 339 429 sexto
365 393 421 428 vel
446 393 571 438 quinto
590 391 732 426 saeculo
749 391 917 439 fingebat,
937 392 1000 427 sed
1019 392 1136 427 studio
1155 393 1301 428 creandi
1319 405 1520 439 personam,

239 459 330 493 quae
358 450 555 482 ceterorum
584 444 806 481 Graecorum
842 446 1058 481 nomothetis
1094 447 1217 482 similis
1252 451 1356 483 esset.
1417 447 1522 483 Fecit

238 513 319 537 eum
343 502 381 535 in
407 499 593 545 Solonis,²)
619 499 810 542 Zaleuci‚⁸)
838 498 1087 542 Charondae⁴)
1114 501 1257 534 modum
1280 512 1298 535 e
1316 501 1521 545 regionibus

239 554 395 589 externis
422 553 635 598 sapientiam
662 552 898 597 colligentem.
957 552 1010 587 At
1035 552 1134 588 fuere
1161 553 1332 598 homines,
1367 555 1428 599 qui
1454 554 1522 589 hac

238 619 358 643 rerum
393 606 630 653 explicatione
664 606 807 641 minime
841 606 1012 653 contenti,
1048 606 1114 642 deo
1147 607 1323 652 Delphico
1357 608 1521 643 meritum

238 662 290 697 rei
316 661 481 707 publicae
508 659 709 705 Spartanae
735 659 921 695 ordinatae
948 660 1188 696 ascribebant.
1246 660 1521 708 Coniungebant

237 715 275 750 hi
300 719 452 758 ,,τινες“,
479 719 520 749 ut
544 718 670 749 narrat
695 713 916 758 Herodotus,
944 719 1179 749 commentum
1207 728 1308 750 suum
1335 728 1414 750 cum
1440 727 1520 751 ora-

239 769 318 804 culo
343 772 429 803 noto
457 769 565 803 etiam
590 767 905 802 Lacedaemoniis:

382 819 505 868 „fineis
531 816 559 856 ὦ
585 818 775 869 Λυκόοργε
801 818 886 865 ἐμὸν
912 822 998 858 ποτὶ
1025 821 1135 857 πίονα
1159 819 1241 868 νηόν

379 877 470 920 Ζινὶ
498 876 606 922 «silos
631 876 690 910 καὶ
718 874 829 910 πᾶσιν
854 873 1034 918 Ὀλύμπια
1060 873 1193 919 δώματ’
1220 874 1353 918 ἔχουσι.

380 928 470 972 δίζω
498 926 520 976 ἥ
544 941 584 964 σε
609 926 698 970 θεὸν
722 926 963 973 μαντεύσομαι
996 926 1015 975 ἢ
1041 927 1248 977 ἄνθρωπον.

379 981 456 1019 ἀλλ’
483 982 537 1019 ἔτι
564 983 623 1019 καὶ
649 982 784 1026 μᾶλλον
809 980 897 1019 θεον
922 981 1092 1026 ἔλπομαι,
1120 978 1148 1018 ὦ
1174 981 1396 1030 Λυκόοργε.“

336 1037 418 1071 Ηοο
444 1036 628 1071 oraculum
662 1047 700 1071 re
736 1047 820 1070 vera
857 1035 908 1070 nil
946 1036 1023 1071 vult
1060 1037 1128 1072 nisi
1166 1034 1354 1079 οἷναθεοῦν,
1394 1041 1433 1072 ut
1471 1037 1523 1072 ita

239 1090 365 1138 dicam,
392 1090 607 1135 Lycurgum,
636 1102 801 1135 magnum
829 1090 912 1125 olim
939 1090 1055 1134 deum,
1095 1092 1155 1136 qui
1183 1092 1305 1126 eadem
1343 1095 1450 1136 atque
1484 1092 1520 1125 in

238 1149 358 1179 cetera
382 1144 633 1189 Peloponneso
667 1145 805 1178 ratione
838 1144 946 1178 etiam
973 1143 1125 1189 Spartae
1152 1145 1198 1179 ad
1225 1145 1352 1180 heroes
1378 1145 1523 1180 descen-

238 1198 350 1233 derat.
405 1197 495 1233 Cum
515 1197 791 1233 Lacedaemonii
811 1197 1028 1244 Apollinem,
1047 1203 1088 1233 ut
1105 1210 1243 1234 omnem
1263 1198 1521 1234 dubitationem

238 1252 394 1294 finirent,
423 1252 467 1287 de
495 1252 702 1287 condicione
721 1252 878 1297 Lycurgi
903 1256 1210 1296 percontarentur,
1229 1253 1422 1298 respondit,
1442 1264 1522 1287 eum

237 1317 315 1340 esse
344 1305 460 1348 deum,
488 1306 591 1350 quasi
617 1306 694 1350 ipse
721 1317 898 1351 quaerens
924 1305 1078 1340 adesset.
1123 1305 1391 1352 Apostropham
1417 1317 1521 1341 nemo

237 1360 401 1395 miretur:
430 1359 564 1405 Apollo
591 1371 634 1395 ea
661 1360 766 1395 etiam
794 1372 879 1395 usus
906 1364 971 1404 est,
1000 1372 1078 1395 cum
1106 1360 1211 1395 homo
1237 1360 1380 1405 quidam
1407 1360 1520 1395 Arca-

237 1414 315 1448 dius
336 1414 379 1448 de
399 1414 608 1458 Aesculapii
626 1413 896 1448 condicionibus
915 1418 1113 1457 quaereret.
1153 1414 1273 1447 Etiam
1291 1418 1366 1448 tum
1383 1413 1520 1448 Aescu-

236 1466 369 1512 lapium
397 1467 512 1512 ipsum
541 1466 716 1502 allocutus
743 1471 799 1502 est
825 1466 943 1502 verbis
969 1466 1092 1512 (Paus.
1121 1466 1162 1501 ΙΙ
1188 1469 1245 1512 26,
1275 1467 1325 1513 7):

336 1571 361 1606 ¹)
384 1570 458 1598 Cum
488 1570 720 1598 Wilamowitzio
749 1569 958 1604 (Homerische
977 1569 1248 1607 Untersuchungen
1278 1569 1318 1598 11.
1346 1571 1387 1605 2.)
1415 1572 1446 1598 et
1466 1569 1523 1600 Ed.

236 1613 361 1652 Meyero
383 1614 610 1652 (Forschungen
631 1624 655 1642 z.
677 1614 727 1642 alt.
743 1613 866 1651 Gesch.)
889 1624 945 1652 ego
959 1614 1060 1651 legum
1075 1614 1201 1643 latorem
1215 1614 1334 1642 nomine
1349 1614 1522 1651 Lycurgum

237 1658 364 1695 Spartae
385 1667 548 1695 numquam
562 1659 712 1687 exstitisse
727 1661 809 1695 puto,
831 1667 1010 1695 quamquam
1031 1658 1163 1687 concedo
1177 1657 1326 1695 Toepffero
1350 1657 1522 1695 („Beitrfige

236 1712 289 1730 zur
309 1702 517 1740 griechischen
537 1702 931 1731 Altertumswissenschaft⁴⁴
954 1703 1040 1737 1897,
1062 1712 1090 1739 p.
1112 1703 1169 1732 347
1191 1703 1267 1739 sqq.)
1289 1711 1336 1730 res
1357 1701 1521 1739 spartanas

237 1746 397 1783 aliquando
418 1747 518 1785 legum
540 1746 652 1775 latione
672 1748 804 1775 mutatas
826 1756 900 1775 esse.
934 1745 1018 1783 Quae
1039 1745 1076 1775 de
1097 1745 1179 1775 diseo
1194 1745 1368 1783 Olympiaco
1390 1745 1523 1783 Toepffer

237 1790 319 1826 dicit,
339 1800 388 1820 me
409 1791 447 1820 de
467 1791 523 1819 hac
538 1791 687 1819 sententia
707 1800 767 1819 non
781 1790 942 1827 deducunt,
963 1800 1042 1826 nam,
1065 1790 1182 1819 etiamsi
1208 1790 1428 1827 antiquissimus
1448 1792 1523 1826 erat,

236 1844 295 1862 non
316 1835 388 1863 licet
407 1837 522 1871 putare,
536 1834 716 1871 Lycurgum
737 1834 831 1870 illum,
854 1834 904 1870 qui
925 1834 1044 1862 saeculo
1065 1837 1172 1862 octavo
1194 1843 1261 1862 cum
1282 1833 1384 1870 [phito
1405 1833 1522 1862 ecechi-

236 1878 312 1906 riam
343 1877 550 1916 Olympiacam
579 1878 743 1911 constituit,
773 1877 901 1906 eundem
930 1887 995 1907 esse
1017 1877 1175 1917 ⁴hominem
1205 1887 1238 1906 ac
1259 1877 1439 1914 Lycurgum,
1470 1878 1522 1915 qui

236 1922 305 1950 inde
328 1932 345 1951 a
366 1923 470 1959 quinto
501 1923 620 1951 saeculo
640 1922 768 1959 Spartae
799 1922 879 1959 leges
904 1922 1007 1951 tulisse
1038 1922 1224 1952 credebatur.
1265 1921 1386 1957 Tyrtaei
1417 1931 1522 1950 versus

237 1966 403 1994 certissime
425 1969 600 2002 monstrant,
629 1965 761 1994 fabulam
782 1965 970 2003 Lycurgeam
997 1966 1150 2002 antiquam
1172 1975 1230 1993 non
1252 1974 1325 1993 esse.

333 2014 513 2052 Nuperrime
534 2014 626 2043 etiam
646 2014 708 2043 vidi
729 2014 874 2043 Nusseltii
888 2014 1130 2044 dissertationem
1151 2014 1221 2051 „das
1240 2014 1519 2052 Lykurgproblem“

237 2058 403 2097 (Ex-langen
428 2060 523 2096 1898),
546 2069 621 2096 quae
642 2069 750 2096 meam,
772 2069 861 2096 quam
882 2059 994 2096 protuli
1015 2059 1052 2088 de
1074 2059 1120 2088 his
1141 2059 1239 2095 rebus,
1261 2059 1440 2087 sententiam
1462 2068 1522 2087 non

235 2103 386 2133 labefacit.

333 2151 359 2189 2)
380 2152 459 2182 Plut.
474 2152 564 2183 Solon
577 2153 613 2182 2.-
629 2154 744 2192 „tpaalv
757 2154 836 2181 ἔνιοι
852 2153 1065 2192 πολυπειρίας
1076 2155 1167 2182 ἕνεκα
1178 2152 1310 2191 μᾶλλον
1321 2153 1373 2181 καὶ
1386 2154 1526 2190 ἱστορίας

236 2198 255 2233 ἢ
277 2201 500 2235 χρηματισμοῦ
522 2197 731 2234 πλανηθῆναι
754 2198 806 2225 τὸν
826 2197 990 2226 Σόλωνα.“

333 2245 359 2282 ³)
381 2245 491 2274 Strabo
519 2256 547 2282 p.
569 2247 642 2276 260:
671 2245 835 2284 „(A0n9u‘›v
862 2246 1084 2284 νομογραφία),
1111 2248 1150 2282 ἣν
1172 2245 1334 2280 Ζάλευκος
1356 2246 1526 2281 συνέταξεν

236 2289 271 2316 ἔκ
286 2299 316 2317 τε
331 2292 392 2317 τῶν
405 2289 577 2327 Κρητικῶν
590 2291 738 2327 νομίμων
758 2290 811 2318 καὶ
827 2289 1024 2318 Λακωνικῶν
1034 2291 1086 2318 καὶ
1102 2291 1136 2317 ἐκ
1152 2292 1212 2317 τῶν
1226 2288 1523 2326 Ἀρεοπαγιτικῶν.“

332 2338 359 2374 ⁴¹)
380 2337 466 2367 Diod.
488 2337 563 2366 XII.
585 2339 631 2368 11.
665 2338 879 2377 „(Xa9‹1›v6ag)
902 2339 1156 2376 ἐπισκεψάμενος
1183 2338 1235 2373 τὰς
1255 2339 1404 2366 ἁπάντων
1431 2348 1525 2375 νομο·

235 2380 347 2418 θεσίας
369 2382 534 2420 ἐξελέξατο
556 2383 592 2411 τὰ
613 2383 761 2421 κράτιστα
783 2384 835 2411 καὶ
858 2384 1024 2419 κατέταξεν
1043 2384 1089 2419 εἰς
1110 2384 1180 2418 τοὺς
1201 2384 1345 2420 νόμους.“
