1770 2769
743 98 986 131 —12-

313 203 369 238 De
397 204 543 238 oraculo
576 215 605 239 c.
639 206 682 239 47
713 209 989 239 commemorato
1015 204 1206 249 rebusque,
1233 217 1325 250 quae
1352 217 1431 239 cum
1460 217 1502 240 eo

212 257 418 301 cohaerent,
446 257 556 292 verba
582 257 702 302 facere
730 258 964 303 supersedere
992 270 1148 303 possum,
1180 259 1275 304 quod
1303 270 1406 294 nemo
1433 271 1504 294 non

214 311 321 357 videt,
350 311 534 346 falsarium
561 312 831 357 philodelphum
860 313 1103 358 composuisse
1130 324 1270 348 versus:

311 403 332 418 ,.
325 373 413 411 ,οἶδα
439 374 541 421 δ’ἕγιὺ
570 374 721 421 ψάμμου
746 372 939 423 τάριθμὸν
964 376 1024 411 καὶ
1048 378 1160 439 μέτρα
1186 376 1373 424 θαλάσσης

310 430 368 464 καὶ
395 435 520 477 κωφοῦ
547 433 703 483 συνίημι,
731 431 790 465 καὶ
818 443 857 465 ου
886 434 1085 477 φωνεῦντος
1109 443 1240 465 ακουω.

311 479 398 532 ὅδιιή
423 497 448 528 μ
453 483 500 526 ’ἐς
527 487 658 532 φρένας
684 478 774 532 ἦλθε
799 486 1039 531 κραταιρίνοιο
1061 483 1215 532 χελώνης

312 536 488 585 ἑψομένης
514 537 549 573 ἐν
572 539 691 585 χαλκᾶ
717 537 776 583 ἀμ’
804 534 978 584 α’ρνείοισι
1003 540 1163 584 κρέεσσιν

308 586 329 638 ᾗ
354 591 483 635 χαλκὸς
509 592 571 627 μὲν
596 588 825 638 ὑπέστρωται
849 592 976 636 χαλκον
1001 590 1210 627 δ’·ἕπίεσται
1216 596 1238 611 “

310 655 501 690 Difficilior
519 656 682 701 quaestio
703 659 769 700 est,
792 668 875 691 num
898 657 1002 691 etiam
1024 656 1208 692 oraculum
1231 653 1296 702 ,,ἣν
1314 655 1504 703 στρατεύη-

210 722 270 743 ται
298 707 358 743 ἒντὶ
386 711 532 754 Πέρσας,
559 708 714 756 μεγάλην
739 705 846 756 ἀρχήν
866 723 928 754 μιν
953 709 1187 744 καταλύσεινα
1213 711 1257 753 (0.
1278 711 1338 754 53)
1364 710 1431 744 hoc
1459 722 1502 744 ex

211 762 310 797 fonte
338 763 553 807 provenerit.
608 763 685 808 Ego
713 763 749 797 id
776 763 892 798 tribus
919 763 963 798 de
991 764 1109 798 causis
1135 774 1243 808 nego:

312 829 342 861 1.
372 826 685 862 Considerandum
712 831 777 871 est,
816 839 887 872 qua
912 840 951 862 re
985 831 1112 862 auctor
1145 827 1395 873 philodelphus
1429 827 1504 873 glo-

210 881 366 915 riaretur
393 881 460 915 hoc
487 880 641 916 afferens
668 881 866 916 oraculum!
907 881 1127 917 Vaticinium
1155 885 1211 916 sat
1236 882 1342 916 inane
1370 887 1433 924 est,
1460 884 1501 915 ut

209 935 403 979 genuinum
423 946 500 968 esse
520 934 678 979 possit.¹)
721 934 813 968 Mihi
829 934 973 979 quidem
992 935 1136 968 minime
1155 934 1345 969 verisimile
1364 934 1504 968 videtur

210 999 301 1029 esse⁷
330 986 466 1021 oraculi
494 987 703 1022 defensores
730 998 896 1022 narrasse
924 987 968 1022 de
1000 999 1173 1033 responso
1208 987 1265 1022 dei
1299 991 1371 1022 tam
1399 999 1500 1030 vano,

210 1044 249 1075 ut
284 1041 465 1075 consultor
499 1042 746 1086 quaestionem
781 1042 914 1076 iterare
941 1041 1144 1086 debuisset3
1184 1041 1279 1081 fama
1317 1041 1501 1089 popularis

210 1095 330 1139 potius
356 1095 464 1129 talem
491 1106 565 1129 rem
593 1095 820 1140 propagabat
847 1095 1095 1130 sacerdotibus
1122 1096 1256 1139 iniqua.

308 1159 341 1195 2.
368 1158 451 1193 Hoc
479 1158 663 1194 oraculum
684 1158 727 1194 de
756 1158 940 1204 perdendo
959 1158 1109 1204 imperio
1128 1158 1304 1204 prolatum
1326 1159 1501 1194 artissime

209 1213 437 1247 coniunctum
458 1217 512 1247 est
539 1225 617 1247 cum
646 1213 703 1247 dei
722 1213 890 1257 Delphici
917 1213 1065 1247 consilio
1093 1213 1137 1247 de
1165 1214 1270 1248 sociis
1289 1213 1503 1257 quaerendis

209 1265 340 1312 dato.2)
398 1266 553 1301 Croesus
588 1266 684 1310 fecit,
721 1266 816 1311 quod
853 1267 1008 1301 iusserat
1042 1265 1192 1312 Apollo:
1232 1266 1500 1312 potentissimos

209 1318 447 1362 Graecorum,
487 1320 805 1366 Lacedaemonios,
845 1320 989 1355 foedere
1024 1320 1092 1355 sibi
1126 1320 1290 1355 adiunxit
1316 1332 1431 1365 neque
1460 1332 1501 1354 eo

208 1374 328 1408 minus
353 1374 500 1409 interiit.
529 1373 664 1408 Parum
691 1378 795 1418 aptus
824 1374 931 1408 etiam
949 1373 1055 1408 huius
1073 1374 1186 1418 partis
1204 1374 1336 1408 oraculi
1356 1376 1502 1407 eventus

208 1430 286 1461 erat
313 1426 555 1472 philodelpho,
584 1439 654 1472 quo
681 1427 906 1472 gloriaretur.
953 1426 1236 1473 Gutschmidiiss)
1255 1427 1388 1472 opinio,
1409 1438 1502 1472 quae

209 1485 274 1525 est,
303 1481 559 1524 Athenienses,
599 1493 669 1516 non
697 1481 1007 1516 Lacedaemonios
1034 1481 1180 1516 oraculo
1206 1481 1268 1515 illo
1296 1481 1501 1526 designatos

207 1545 298 1574 esse,
326 1545 370 1567 ne
397 1545 468 1567 uno
496 1533 641 1578 quidem
660 1534 839 1568 Herodoti
867 1534 975 1568 verbo
993 1533 1166 1568 firmatur.
1196 1533 1271 1568 Cur
1288 1533 1498 1567 Herodotus

206 1587 300 1623 hanc
333 1592 472 1633 partem
513 1587 730 1623 defensionis
770 1588 992 1623 dilectissimi
1020 1587 1188 1633 Delphici
1223 1587 1359 1623 oraculi
1394 1587 1499 1633 plane

206 1641 340 1674 oblitus
369 1641 491 1674 esset?

306 1725 330 1759 ¹)
353 1723 437 1761 Quae
464 1733 481 1752 a
510 1722 678 1753 Schuberto
708 1724 832 1753 affertur
859 1733 958 1761 causa,
989 1733 1041 1752 cur
1071 1723 1233 1761 genuinum
1264 1723 1320 1752 hoc
1349 1723 1501 1752 oraculum

204 1777 265 1796 non
288 1768 336 1803 sit,
358 1768 430 1796 mihi
453 1768 588 1796 sufficere
609 1778 668 1796 nou
690 1768 818 1796 videtur.
860 1768 941 1796 Dicit
961 1769 1066 1804 p.'91:
1090 1777 1138 1805 „es
1160 1777 1242 1795 muss
1256 1767 1501 1804 hervorgehoben

204 1811 335 1847 werden,
367 1811 437 1840 dass
459 1811 513 1840 der
533 1811 652 1848 Spruch
675 1812 717 1840 als
737 1811 876 1840 wirklich
897 1811 1011 1849 gefasst
1032 1811 1192 1840 immerhin
1221 1811 1313 1839 schon
1340 1811 1405 1839 eine
1434 1810 1503 1839 sehr

203 1858 340 1894 gewagte
361 1855 590 1894 Prophezeiung
612 1856 767 1885 enthalten
789 1856 882 1892 hatte,
904 1856 943 1885 da
964 1856 1042 1885 doch
1063 1856 1112 1885 die
1134 1855 1373 1893 allerwenigsten
1387 1855 1501 1893 Kriege

204 1901 234 1928 in
266 1900 335 1928 dem
367 1900 499 1937 volligen
530 1900 727 1937 Untergange
760 1901 840 1928 eines
869 1900 923 1928 der
951 1900 1060 1928 beiden
1091 1899 1293 1936 kiimpfenden
1314 1899 1427 1927 Reiche
1455 1899 1502 1927 ihr

204 1943 291 1972 Ende
310 1943 439 1973 finden.“
482 1943 553 1972 Mea
574 1944 721 1973 sententia
742 1943 842 1972 audax
863 1946 948 1972 vates
970 1953 1030 1972 non
1052 1945 1107 1980 est,
1129 1943 1180 1980 qui
1201 1952 1292 1971 unum
1322 1952 1359 1971 ex
1385 1942 1501 1971 duobus

203 1988 326 2025 regibus
347 1988 492 2018 Asiaticis
522 1989 702 2016 amissurum
730 1998 793 2017 esse
823 1988 1059 2016 dominationem
1086 1987 1243 2024 praedicit,
1270 1996 1397 2023 quorum
1426 1987 1501 2015 alter

203 2031 332 2060 alterius
353 2032 472 2060 affinem
494 2032 552 2060 iam
575 2041 669 2070 regno
691 2032 841 2070 spoliavit.

301 2077 327 2113 2)
349 2075 495 2105 subtilius
524 2086 613 2113 quam
643 2077 749 2105 melius
765 2076 915 2106 Schubert
936 2076 1028 2104 etiam
1049 2076 1156 2104 harum
1177 2085 1277 2104 rerum
1299 2075 1375 2103 duos
1394 2075 1500 2103 distin-

204 2120 273 2157 guit
294 2120 392 2149 sontes
414 2123 538 2157 propter
559 2120 720 2157 duplicem,
744 2130 834 2157 quam
856 2120 944 2148 affert
966 2120 1152 2156 Herodotus,
1180 2128 1312 2155 causum,
1334 2128 1388 2147 cur
1408 2118 1501 2147 Lace-

203 2164 354 2193 daemonii
375 2164 480 2193 foedus
503 2175 569 2194 cuni
587 2164 697 2194 Croeso
712 2165 850 2194 inierint:
874 2165 909 2201 (c.
925 2166 974 2201 70)
992 2166 1126 2201 ῃτούτων
1140 2163 1255 2200 (Croesi
1269 2162 1499 2200 beneficiorum)

203 2219 234 2237 τε
266 2210 310 2237 ὥν
340 2211 463 2238 εἵνεκεν
494 2212 523 2238 οἱ
555 2209 804 2248 Λακεδαιμόνιοι
838 2211 893 2247 τὴν
921 2210 1110 2247 συμμαχίην
1139 2209 1292 2246 ἐδέξαντο,
1323 2209 1374 2237 καὶ
1397 2210 1442 2237 ὅτι
1465 2210 1500 2236 ἐκ

202 2254 330 2280 πάντων
351 2256 448 2291 σφέας
469 2256 643 2291 προκρίνας
665 2254 832 2290 Ἑλλήνων
852 2256 973 2291 αἱρέετο
995 2253 1139 2290 φίλους.“

300 2296 323 2333 3)
345 2296 437 2333 Apud
459 2296 661 2325 Schubertum
684 2307 712 2333 p.
736 2298 782 2327 92.
