1770 2769
727 109 971 142 „24—

296 214 469 251 Narratio
497 213 777 261 Cyrenaeorum,
817 227 924 261 quam
964 215 1126 261 sequitur
1159 215 1371 251 Herodotus
1409 214 1492 250 inde

198 282 219 305 a
238 282 266 307 c.
285 271 365 314 154,
381 270 504 315 primis
523 281 542 304 e
561 269 815 304 Battiadarum
835 274 941 315 gente
961 269 1105 315 regibus
1123 269 1220 304 haud
1245 270 1369 315 iniqua
1396 270 1493 314 est.¹)

197 324 321 359 Prima
359 324 469 368 igitur
508 323 584 358 eius
624 335 708 368 pars
748 335 791 358 ex
834 324 1007 359 memoria
1046 336 1067 358 a
1105 323 1249 369 regibus
1292 323 1493 369 approbata

198 389 384 413 emanasse
424 377 575 415 videtur.
630 377 720 412 Tam
760 377 895 413 referta
934 382 1027 422 sunt,
1068 389 1159 423 quae
1198 377 1367 422 leguntur
1409 377 1492 413 inde

197 443 219 466 a
237 443 267 466 c.
286 433 365 476 154,
393 431 559 475 oraculis,
588 432 697 466 etiam
723 434 826 476 parte
852 431 1087 477 philodelpha
1113 431 1284 475 seiuncta,
1312 435 1352 466 ut
1377 432 1492 477 primo

197 485 326 520 obtutu
364 485 575 520 inclinemus
614 484 660 519 ad
699 484 913 519 Mollmanni
951 485 1000 531 (p.
1035 487 1092 531 16)
1129 485 1228 520 illam
1267 486 1493 530 sententiam,

198 539 378 574 Herodoti
417 543 584 574 auctores
625 538 852 584 Cyrenenses
890 538 1000 574 fuisse
1044 539 1196 575 fortasse
1240 550 1493 584 responsorum

197 593 334 627 oraculi
354 593 524 637 Delphici
551 592 874 636 administratores,
902 593 964 637 qui
991 593 1227 639 divulgarent,
1255 604 1347 637 quae
1375 603 1491 627 sacer-

197 645 300 682 dotes
327 646 498 692 Delphici
525 646 687 681 ementiti
714 649 846 681 essent.
897 646 1030 681 Duone
1064 647 1116 682 ita
1151 646 1314 682 tabulata
1340 645 1493 682 aedificii

197 700 420 745 philodelphi
440 700 693 744 distinguenda
713 704 806 744 sunt,
834 712 984 745 quorum
1004 700 1159 735 alterum
1177 701 1357 735 recentius
1374 700 1491 735 Hero-

197 753 303 788 dotus
335 753 490 799 Delphis
523 753 621 799 ipsis,
659 753 812 788 alterum
847 754 1023 788 vetustius
1057 752 1210 799 Cyrenis
1245 754 1410 799 accepit?
1448 753 1493 788 Id

198 814 276 842 esse
303 807 517 853 negandum,
546 819 695 842 examen
722 807 849 842 harum
876 808 1123 842 narrationum
1151 808 1310 843 docebit:

298 878 335 922 1)
362 876 570 921 Oraculum,
599 878 699 912 cuius
726 877 930 911 rudimenta
956 877 1141 912 Diodorus
1168 878 1334 921 servavit,
1369 889 1493 912 oracu-

197 930 342 975 lumque
368 931 421 972 II,
462 931 558 975 quod
585 942 664 965 cum
692 942 733 964 eo
761 934 838 965 arte
866 931 1045 973 cohaeret,
1085 934 1208 977 partes
1248 934 1331 965 sunt
1368 942 1492 965 narra-

196 985 317 1029 tionis,
345 996 437 1030 quae
464 996 485 1019 a
511 984 632 1020 multis
658 984 729 1019 illis
756 984 888 1019 fabulis
916 984 959 1019 de
984 984 1231 1020 conditoribus
1249 985 1404 1020 narratis
1422 997 1493 1020 non

198 1039 300 1073 valde
328 1039 469 1073 diversa
496 1043 561 1075 est.
615 1038 745 1082 Causa,
786 1050 850 1073 cur
889 1039 1095 1073 sacerdotes
1122 1039 1292 1084 Delphici
1331 1051 1409 1073 eam
1436 1051 1493 1073 ex-

197 1093 433 1137 cogitaverint
466 1093 617 1126 inveniri
653 1104 724 1126 non
755 1095 884 1137 potest.
938 1091 1033 1126 Sane
1060 1092 1184 1126 Maass
1211 1091 1261 1138 (p.
1282 1092 1368 1139 382)
1396 1092 1493 1138 dicit,

196 1145 342 1181 oraculo
380 1146 422 1181 II
462 1157 630 1192 arrogare
671 1145 738 1181 sibi
789 1145 997 1191 Apollinem
1036 1145 1254 1192 Delphicum
1295 1158 1355 1190 ea,
1401 1157 1493 1191 quae

196 1204 304 1235 antea
329 1204 477 1235 narrata
504 1201 576 1235 sint
602 1200 646 1235 de
665 1200 869 1245 Minyarum
888 1200 953 1235 deo
974 1195 1303 1246 (Νόμιος-Ὀπάων)
1329 1201 1492 1245 rapiente

197 1252 376 1299 Cyrenam
415 1253 619 1299 nympham.
686 1252 836 1289 Certum
875 1257 940 1298 est,
980 1253 1187 1299 Apollinem
1227 1253 1419 1300 Pythicum
1458 1257 1494 1288 et

195 1308 366 1343 Nomium
392 1320 464 1343 non
488 1320 509 1343 a
528 1308 643 1353 prima
661 1308 796 1353 origine
816 1308 966 1343 eandem
985 1308 1095 1343 fuisse
1116 1320 1306 1353 personam
1325 1308 1491 1343 divinam.

196 1362 334 1397 Tamen
367 1362 464 1397 haud
499 1362 647 1396 dubium
684 1366 748 1406 est,
785 1363 871 1407 quin
901 1363 972 1396 iam
1000 1366 1100 1397 sexto
1128 1374 1160 1397 a.
1181 1361 1265 1397 Chr.
1285 1374 1319 1397 n.
1348 1362 1491 1397 saeculo

196 1427 300 1450 nemo
328 1415 395 1450 hoc
422 1416 568 1451 sciverit
595 1428 711 1461 neque
739 1428 829 1461 opus
855 1415 965 1451 fuerit
991 1420 1099 1461 poeta
1117 1416 1295 1461 Delphico
1315 1415 1360 1451 ad
1379 1415 1492 1460 Apol-

195 1469 303 1504 linem
322 1481 386 1515 pro
401 1470 532 1504 Nomio
553 1470 852 1506 substituendum.
872 1470 942 1504 Illo
956 1474 1127 1514 tempore,
1148 1481 1227 1504 cum
1245 1481 1321 1504 mos
1336 1469 1491 1515 vigebat,

196 1524 352 1558 omnium
380 1523 592 1569 oppidorum
620 1523 845 1558 conditorum
873 1523 1024 1558 Loxiam
1060 1527 1244 1559 auctorem
1271 1523 1492 1570 praedicare,

197 1577 240 1611 de
269 1578 405 1611 unitate
433 1578 617 1611 numinum
643 1577 917 1622 Apollineorum
943 1590 1047 1612 nemo
1075 1578 1275 1612 dubitabat.

293 1644 332 1691 2)
358 1645 436 1691 Ego
475 1657 554 1680 cum
590 1644 786 1680 Benedicto
815 1647 864 1691 (p.
884 1645 947 1692 45)
983 1645 1166 1680 oraculum
1200 1645 1264 1680 III
1299 1645 1491 1690 genuinum

196 1711 273 1735 esse
301 1711 440 1735 cense0.
469 1700 658 1735 Dialectus
685 1700 833 1743 Dorica,
861 1712 952 1745 quae
981 1700 1219 1746 suspicionem
1245 1703 1364 1735 movet
1387 1698 1491 1735 Stud-

295 1823 320 1859 l)
343 1822 410 1851 Iam
432 1822 488 1851 hac
509 1822 546 1850 de
568 1832 658 1851 causa
678 1832 738 1850 non
760 1823 830 1851 licet
844 1826 961 1859 partem
984 1822 1135 1850 Herodoti
1158 1821 1492 1850 Laconico-'Pheraeum

195 1867 248 1902 (—
270 1876 294 1894 c.
318 1867 389 1903 149)
413 1876 481 1894 cum
503 1866 647 1901 Maassio,
670 1866 720 1902 qui
741 1866 805 1902 ipse
827 1866 976 1900 coneedit,
1007 1875 1073 1894 eam
1099 1865 1250 1903 ingratam
1272 1874 1337 1893 esse
1359 1864 1488 1902 regibus,

196 1919 232 1938 ex
255 1910 361 1939 eodem
383 1910 532 1939 deducere
555 1909 637 1938 fonte
660 1919 749 1946 quam
772 1912 889 1947 partem
911 1909 1113 1946 Cyrenensem
1129 1909 1325 1945 (154-156).
1361 1908 1487 1946 (Maass.

194 1964 223 1990 p.
244 1954 326 1991 381.)
368 1954 518 1983 Vetamur
538 1954 596 1982 hoc
618 1954 708 1982 etiam
731 1963 774 1990 eo,
797 1954 878 1990 quod
899 1953 1075 1982 Herodotus
1097 1953 1255 1990 perspicue
1276 1952 1350 1981 dicit
1370 1962 1395 1981 c.
1419 1953 1491 1983 150:

198 2000 305 2037 ,μέχρι
327 2001 389 2036 μέν
409 2010 469 2027 νυν
491 2000 600 2027 τούτου
623 2002 675 2026 τοῦ
698 1998 797 2036 λόγου
824 1997 1072 2035 Λακεδαιμόνιοι
1099 1997 1263 2035 Θηραίοισι
1297 1997 1374 2025 κατὰ
1397 1998 1492 2025 ταύτὰ

194 2041 334 2080 λέγουσι,
366 2044 398 2071 τὸ
421 2043 454 2071 δὲ
480 2044 543 2071 ἀπὸ
566 2044 674 2070 τούτου
698 2046 812 2080 μοῦνοι
839 2041 970 2080 Θηραῖοι
1003 2041 1063 2070 ὧδε
1095 2041 1245 2079 γενέσθαι
1278 2041 1429 2079 λέγουσιίῑ
1461 2044 1492 2070 et

195 2096 220 2113 C·
244 2087 300 2116 154
320 2087 523 2125 ,,Κυρηναῖοι
546 2087 605 2125 γὰρ
629 2087 663 2114 τὰ
685 2087 757 2124 περὶ
781 2086 902 2114 Βάττον
923 2085 1069 2123 οὐδαμῶς
1084 2085 1295 2123 ὁμολογέουσι
1315 2085 1489 2123 Θηραίοισι.

194 2129 326 2168 λέγουσι
349 2132 409 2169 γὰρ
431 2132 511 2159 οὕτω
534 2153 539 2159 .
564 2153 570 2159 .
594 2153 599 2159 ,
624 2132 651 2159 .“
698 2130 731 2158 Si
753 2130 844 2158 etiam
867 2128 1011 2166 Cyrenaei
1037 2132 1219 2165 narrassent,
1247 2138 1323 2166 quae
1352 2129 1493 2167 leguntur

195 2183 219 2203 c.
243 2175 408 2211 147—149,
430 2178 512 2203 certe
539 2175 624 2203 initio
653 2184 677 2202 c.
705 2175 762 2204 150
793 2173 922 2202 diceret:
958 2173 1206 2212 Λακεδαιμόνιοι
1239 2173 1405 2212 Θηραίοισι
1432 2175 1492 2217 κ-αὶ

194 2223 409 2268 Κυρηναίοισι
432 2225 510 2252 κατὰ
532 2224 626 2252 ταύτὰ
649 2223 789 2261 λέγουσι.
842 2222 947 2251 Fontis
979 2222 1146 2251 communis
1177 2224 1259 2251 certe
1287 2222 1405 2260 signum
1431 2232 1491 2251 non

195 2275 249 2308 est,
280 2274 360 2309 quod
391 2273 540 2301 Pindarus
572 2274 742 2309 impugnat,
774 2281 850 2308 quae
882 2274 1041 2299 narrantur
1073 2272 1236 2307 147—149,
1268 2271 1379 2307 laudat,
1415 2281 1491 2308 quae

194 2315 338 2351 Cyrenaei
359 2316 464 2344 dicunt
485 2326 509 2344 c.
534 2317 589 2346 154
612 2325 655 2352 sq.
