1770 2769
741 165 981 198 -49—

214 278 292 302 eam
318 279 389 302 non
415 268 560 302 testium
587 267 846 313 Spartanorum
886 271 948 305 sed
973 271 1151 308 Herodoti
1190 274 1293 319 culpa
1331 276 1401 321 legi
1427 277 1499 311 exi-

213 320 328 364 stimo,
363 331 468 365 quem
502 321 620 366 arguit
653 321 735 356 finis
768 324 984 359 narrationis
1009 336 1122 369 paene
1148 327 1280 364 inanis:
1318 329 1398 371 „nal
1422 324 1498 365 ἀπὸ

211 372 337 408 τούτου
362 377 424 409 τοῦ
445 373 581 421 χρόνου,
609 371 699 417 ὅκως
714 374 895 423 πειρῴατο
911 372 1080 424 ἀλλήλων,
1107 379 1227 427 πολλῷ
1244 385 1497 431 κατυπέρτεροι

210 430 262 473 τῷ
286 427 432 474 πολέμῳ
458 427 614 473 ἐγίνοντο
640 428 675 463 οἱ
700 429 1008 473 Λακεδαιμόνιοι.“
1045 431 1196 476 Spartae
1225 435 1299 469 sine
1325 438 1496 480 temporis

209 480 389 516 mentione
414 482 557 527 prolata
582 494 661 518 esse
688 482 839 519 videtur.

717 768 887 806 CAPUT
914 771 987 808 IX.

425 860 503 903 De
534 859 691 902 rebus
725 859 936 903 Milesiis
969 863 1022 903 et
1053 861 1271 915 Argivis.

301 957 510 993 Herodotus
539 957 594 994 VI
636 959 678 993 19
719 962 756 993 et
796 957 838 993 77
879 962 1014 1003 narrat,
1052 958 1208 1003 Argivos
1247 961 1489 997 consultantes

203 1012 369 1057 Pythiam
396 1011 440 1046 de
468 1011 581 1046 salute
608 1012 707 1046 urbis
725 1012 908 1047 oraculum
927 1012 1107 1057 accepisse
1128 1011 1361 1056 „gainowovx‘
1390 1017 1490 1051 cuius

203 1065 318 1101 altera
344 1076 429 1111 pars
454 1066 564 1112 ipsos,
591 1065 706 1100 altera
731 1065 896 1101 Milesios
922 1069 1137 1111 spectasset:

377 1124 479 1171 „dm
507 1126 588 1164 ὅταν
614 1125 635 1176 ἡ
660 1128 791 1177 θήλεια
816 1127 877 1164 τὸν
901 1125 1031 1175 ἄρσενα
1056 1129 1227 1178 νικήσασα

378 1182 521 1230 ἐξελάσῃ
546 1184 606 1218 καὶ
631 1183 734 1226 κῦδος
759 1182 795 1219 ἐν
817 1179 1023 1231 Ἀργείοισιν
1048 1180 1174 1232 ἄρηται

376 1237 509 1279 πολλὰς
530 1233 692 1283 Ἀργείων
716 1234 968 1285 ἀμφιδρυφέας
992 1238 1072 1273 τότε
1098 1238 1207 1285 θήσει

377 1288 424 1331 ὥς
450 1293 538 1325 ποτέ
555 1304 610 1332 τις
636 1289 725 1337 ἐρέει
749 1292 809 1326 καὶ
836 1292 1081 1335 ἐπεσσομένων
1106 1287 1312 1338 ἅνθριόῗσων

377 1343 510 1387 ,,δεινὸς
536 1340 620 1392 ὄφις
645 1342 805 1387 ἄέλικτος
828 1341 995 1380 α’πώλετο
1018 1345 1116 1392 δουρὶ
1143 1345 1377 1390 ὁαμασθείς.·“

198 1438 311 1468 videor.
352 1438 432 1466 Nam
452 1438 583 1475 primum
610 1439 725 1476 primus
753 1442 784 1467 et
804 1442 929 1475 quartus
949 1447 1054 1467 versus
1083 1438 1114 1467 in
1135 1438 1232 1468 lucem
1252 1438 1428 1477 prodierunt
1448 1449 1486 1468 ex

198 1483 297 1512 verbis
324 1483 495 1512 Homericis
522 1484 691 1521 compositi,
719 1486 938 1524 argumentum⁴
960 1483 1137 1521 simpliciter
1173 1484 1348 1513 exhibentes
1380 1484 1485 1513 eodem

197 1528 296 1565 modo,
318 1537 376 1565 quo
398 1528 478 1564 apud
498 1527 587 1556 Paus.
609 1527 693 1557 VIII
713 1530 740 1558 9.
762 1529 782 1558 4
811 1528 940 1558 diciturt

429 1572 515 1601 Ἔστι
538 1572 571 1601 δὲ
591 1572 760 1610 Μαιναλίη
782 1572 996 1611 δυσχείμερος,
1017 1571 1099 1601 ἔνθα
1120 1583 1150 1601 τε
1172 1575 1270 1600 κεῖται

430 1616 547 1656 Ἀρκάς,
569 1618 622 1656 ἀφ’
645 1618 682 1646 οὗ
704 1618 741 1656 ὀή
762 1619 876 1654 πάντες
897 1617 1070 1655 ἐπίκλησιν
1091 1617 1287 1645 καλέονται.“

295 1660 341 1689 At
360 1670 463 1690 versus
484 1661 653 1690 Herodotei
682 1663 699 1691 1
727 1664 758 1690 et
777 1663 797 1692 4
823 1662 887 1691 sine
907 1664 925 1692 5
945 1671 1000 1699 per
1021 1671 1052 1690 se
1077 1671 1138 1690 non
1163 1661 1318 1689 meliorem
1338 1661 1486 1698 praebent

195 1714 324 1740 sensum,
346 1714 436 1742 quam
457 1705 494 1741 ei,
516 1715 591 1742 quos
612 1705 700 1735 affert
721 1705 893 1744 Schubring
914 1706 977 1735 sine
999 1708 1142 1743 quattuor
1156 1705 1223 1741 inis,
1244 1705 1294 1741 qui
1316 1709 1483 1742 sequuntur

194 1749 275 1786 apud
288 1748 478 1778 Pausaniam.
493 1749 599 1787 Pergit
612 1749 797 1788 Schubring:
819 1750 961 1788 „Deinde‚
972 1752 1005 1778 ut
1019 1749 1150 1778 ostendit
1164 1748 1304 1785 repetitio
1317 1749 1484 1786 particulae

194 1793 284 1829 ἔνθα,
315 1793 463 1822 secundus
489 1796 519 1822 et
546 1794 663 1826 tertius.
691 1794 742 1831 qui
763 1794 914 1823 officinam
935 1793 1013 1823 fabri
1034 1793 1151 1822 ferrarii
1171 1793 1313 1829 indicant,
1340 1793 1483 1823 inculcati

194 1840 273 1868 sunt.
313 1837 399 1866 Haec
421 1838 500 1866 enim
522 1838 625 1867 fabula
644 1848 704 1867 non
725 1841 795 1868 ante
816 1848 906 1876 quam
927 1840 1100 1876 expugnata
1118 1837 1218 1874 Tegea
1239 1837 1270 1865 in
1290 1846 1369 1875 pago
1391 1848 1482 1876 κορυ-

194 1881 281 1909 θέων
294 1881 392 1909 iacere
414 1881 551 1910 Orestem
566 1885 754 1919 compertum
775 1885 830 1917 est,
850 1882 920 1911 ficta
936 1891 1001 1910 esse
1015 1884 1121 1918 potest.
1149 1880 1226 1909 Tum
1241 1881 1363 1917 quintus
1378 1890 1483 1909 versus

192 1924 322 1961 additus,
342 1924 373 1952 in
394 1934 453 1962 quo
474 1934 543 1962 vox,
564 1934 641 1962 quae
661 1928 705 1955 est
719 1926 929 1966 ἐπιτάρροθος
946 1926 1061 1964 Τεγέης
1081 1924 1200 1953 adiutor
1220 1926 1326 1952 contra
1346 1923 1479 1962 Tegeam

192 1968 298 1999 eodem
317 1968 408 1998 modo
429 1973 573 2007 usurpata
593 1972 648 2007 est,
663 1980 722 2008 quo
742 1971 773 1999 in
793 1971 936 2007 Aeschyl.
957 1970 1039 2007 Sept.
1061 1970 1132 1999 350:
1154 1979 1245 2005 mors,
1266 1969 1483 2007 παγκλαύτων

191 2013 319 2051 ἀλγέων
329 2014 510 2052 ἐπίρροθος.
531 2014 689 2043 Postremo
704 2024 764 2043 vox
781 2015 878 2053 Τεγέη
892 2015 922 2042 in
938 2016 1011 2052 γαίη
1026 2015 1211 2042 commutata
1224 2016 1278 2049 est,
1294 2016 1327 2040 ut
1342 2013 1481 2050 aenigma

191 2056 340 2093 difficilius
360 2056 446 2085 fieret
468 2058 581 2094 solutu3
608 2058 650 2087 sic
672 2059 751 2087 enim
772 2061 873 2087 exstat
893 2058 974 2095 apud
1002 2057 1093 2086 schol.
1124 2057 1162 2085 ad
1183 2056 1311 2085 Aristid.
1332 2066 1401 2095 pag.
1423 2058 1481 2087 213

190 2100 359 2137 Frommel‚·
381 2101 433 2131 sed
454 2104 528 2141 γαίη
549 2102 655 2142 λευρῷ
677 2104 723 2132 ἐνὶ
744 2104 837 2144 χώρῳ
858 2103 993 2141 ineptum
1014 2103 1085 2132 est.“

288 2146 334 2175 De
354 2147 445 2175 rebus
458 2146 691 2184 Corythensibus
712 2149 772 2177 iam
792 2148 886 2177 verba
906 2148 975 2184 feci3
997 2156 1085 2176 nemo
1106 2146 1196 2175 hodie
1217 2146 1321 2175 credet
1341 2147 1477 2175 versibus

189 2190 382 2227 Aeschyleis:

503 2236 616 2274 ηἐλπίς
636 2239 700 2266 ἐστι
722 2238 873 2277 νύκτερον
893 2237 983 2274 τέλος
1003 2236 1120 2275 μολεῖν

502 2282 717 2320 παγκλαύτων
736 2282 864 2321 ἀλγέων
884 2281 1086 2321 ἐπίρροθον.“

187 2324 318 2361 probari,
346 2334 468 2353 versum
494 2326 607 2354 oraculi
635 2326 775 2355 ultimum
804 2327 983 2355 vertendum
1004 2335 1070 2354 esse
1092 2334 1170 2362 „quo
1191 2327 1335 2355 arcessito
1358 2326 1478 2354 adiutor

187 2369 246 2397 eris
268 2371 373 2397 contra
393 2369 554 2407 Tegeam.“
576 2369 674 2408 Quem
695 2371 874 2400 adiuvarent
893 2371 924 2400 in
944 2370 1023 2400 bello
1045 2373 1150 2399 contra
1171 2371 1303 2408 Tegeam
1324 2371 1477 2409 gerendo?

1418 2432 1437 2458 4
