1770 2769
745 149 988 183 ..65-

222 256 510 293 &exstitissent
533 255 625 291 tales
650 256 730 299 loci,
758 256 815 290 vix
838 256 937 290 nullo
956 256 1081 291 relicto
1101 257 1250 302 vestigio
1269 259 1506 303 evanuissent,

221 322 302 345 nam
317 310 510 356 scriptores
525 308 658 345 Graeci
676 309 806 345 aetatis
825 309 1035 355 posterioris
1054 310 1228 345 eiusmodi
1241 311 1506 347 narrationibus

221 364 377 409 gaudere
413 363 588 401 solebant.
650 364 772 399 Etiam
805 363 986 399 Herodoti
1022 375 1258 408 successoreS,
1293 376 1506 410 quamquam

221 417 399 463 permulta
426 417 469 452 de
495 416 675 462 Apollinis
702 416 872 462 Delphici
899 417 1053 452 oraculis
1079 421 1240 463 narrant,
1266 418 1318 452 m'l
1334 418 1508 464 praebere

221 471 309 507 mihi
334 471 510 517 videntur,
546 471 642 518 quod
675 472 916 518 propinquum
956 471 1002 507 sit
1040 471 1222 508 Herodoti
1260 471 1361 509 fonti.
1425 472 1508 508 Non

221 527 315 560 enim
340 526 526 573 assignare
558 526 590 560 ei
621 538 812 571 possumus
845 526 974 569 omnia,
1014 538 1106 572 quae
1148 526 1191 562 de
1217 526 1355 561 Loxiae
1393 527 1508 572 provi-

220 579 342 615 dentia
383 583 586 615 narrantur.
655 579 813 626 Originis
852 580 1052 626 Delphicae
1096 580 1236 627 signum
1275 583 1412 615 certum
1455 584 1509 615 est

219 634 435 669 narrationis
461 633 542 669 finis
568 634 822 680 apologeticus.
849 634 1103 670 Demonstrari
1131 646 1272 680 semper
1295 633 1403 670 debet
1420 635 1508 669 veri-

218 691 330 723 tatem
357 691 420 723 aut
445 688 577 724 famam
602 688 785 734 vulgarem
803 687 967 734 Apollini
993 689 1171 734 ingratam
1197 688 1282 724 ficta
1299 689 1507 723 narratione

220 742 417 777 obscurari.
425 741 448 786 ¹)

317 794 529 830 Conditoria
562 795 707 830 oracula
739 794 808 830 huc
849 807 920 830 non
958 796 1152 841 pertinent.
1215 796 1352 830 Eorum
1392 796 1505 841 origo,

218 849 288 884 nisi
314 849 469 896 genuina
496 853 588 894 sunt,
615 850 652 884 in
676 850 763 895 ipsis
790 849 994 885 civitatibus
1021 850 1229 895 quaerenda
1255 854 1319 895 est,
1355 862 1506 896 quarum

218 904 400 948 intererat,
428 903 611 939 oraculum
638 903 876 939 conditorium
902 903 1050 949 fingere,
1078 915 1156 939 cum
1183 903 1379 940 infaustum
1406 904 1501 939 vide-

219 961 318 993 retur
343 957 514 1003 Apolline
541 970 613 993 non
639 958 801 993 consulto
829 958 998 1004 oppidum
1026 958 1190 995 condere.
1233 958 1399 995 Vidimus
1419 970 1505 994 sane

217 1012 444 1048 Herodotum
482 1024 590 1047 unam
623 1012 866 1048 narrationem
906 1024 949 1047 ex
988 1012 1086 1048 fonte
1113 1012 1290 1058 Delphico
1329 1013 1503 1056 hausisse,

218 1078 310 1112 quae
337 1066 381 1102 de
407 1066 495 1102 urbe
522 1066 667 1102 condita
700 1070 838 1112 ageret:
880 1066 923 1101 de
951 1067 1111 1112 Cyrenis.
1176 1065 1277 1112 Quae
1312 1067 1344 1102 ei
1381 1066 1504 1102 subest

217 1120 340 1155 fabula
365 1120 450 1156 ficta
476 1123 555 1155 erat
587 1123 748 1166 tempore
782 1123 1016 1166 tyrannorum
1042 1119 1256 1165 florentium,
1296 1120 1368 1165 qui,
1407 1119 1504 1166 quod

217 1186 299 1209 raro
333 1173 453 1219 fiebat,
494 1174 679 1210 conditore
717 1175 885 1220 prognati
925 1178 1038 1211 erant.
1101 1173 1208 1209 Hanc
1243 1174 1287 1209 ob
1322 1186 1397 1209 rem
1430 1173 1503 1209 11011

217 1228 396 1276 miremur⁷
435 1227 598 1274 Delphos
637 1231 795 1274 putasse,
835 1231 992 1263 veterem
1026 1228 1267 1263 narrationem
1308 1231 1412 1263 caute
1452 1228 1503 1263 ita

217 1281 483 1327 depravandam
510 1294 598 1326 esse,
633 1285 673 1318 ut
698 1281 907 1328 Apollinem
933 1294 955 1317 a
979 1286 1213 1328 tyrannorum
1239 1282 1396 1318 amicitia
1421 1294 1503 1328 pur-

217 1340 329 1381 garet.
382 1335 538 1372 Oracula
563 1348 585 1371 a
610 1335 886 1371 Wilamowitzio
913 1336 1033 1380 allata,
1066 1348 1157 1381 quae
1184 1340 1267 1371 sunt
1293 1336 1337 1370 de
1363 1336 1504 1381 oppidis

216 1390 252 1424 in
280 1389 388 1425 Italia
421 1394 458 1425 et
491 1389 614 1425 Sicilia
653 1389 858 1433 condendis,
899 1389 1096 1435 Cyrenensi
1135 1390 1263 1424 similia
1300 1401 1372 1424 non
1411 1393 1503 1432 sunt,

217 1443 312 1488 quod
337 1442 546 1489 Apollinem
578 1442 771 1478 defendere
803 1455 875 1478 non
910 1443 1066 1480 student.
1126 1442 1164 1479 Si
1199 1443 1278 1478 fons
1305 1442 1504 1488 Delphicus

217 1509 259 1531 ea
285 1497 519 1542 praebuisset,
547 1500 644 1532 certe
671 1497 779 1532 etiam
806 1497 952 1532 oracula
978 1497 1022 1532 de
1049 1497 1189 1542 oppidis
1206 1498 1244 1531 in
1260 1497 1397 1542 reliquo
1417 1496 1503 1531 orbe

216 1549 359 1586 Graeco
378 1550 574 1587 condendis
593 1551 776 1586 continere
796 1550 959 1596 debebat,
980 1562 1130 1597 quorum
1149 1563 1257 1585 unum
1276 1550 1331 1585 vel
1349 1550 1502 1585 alterum

217 1605 261 1639 ab
290 1605 479 1641 Herodoto
507 1609 687 1640 servatum
714 1608 819 1640 esset.
878 1600 883 1606 ’
1479 1602 1482 1611 ²

313 1659 463 1694 Minime
497 1662 650 1703 cognata
683 1662 766 1693 sunt
790 1659 970 1694 Herodoti
1005 1659 1096 1694 fonti
1121 1659 1233 1694 multa
1257 1659 1320 1693 illa
1354 1658 1501 1692 oracula

215 1712 260 1747 ad
288 1725 345 1748 res
372 1724 492 1748 sacras
516 1712 746 1758 pertinentia.
799 1711 961 1758 Quorum
986 1713 1140 1747 maxima
1157 1725 1242 1758 pars
1259 1712 1416 1759 genuina
1434 1716 1498 1754 est,

215 1766 312 1801 velut
338 1766 519 1801 oraculum
547 1766 591 1800 de
617 1777 704 1800 nece
723 1765 927 1800 Pausaniae
947 1767 1124 1811 expianda
1143 1765 1307 1811 datum,²)
1329 1765 1385 1800 vel
1402 1765 1502 1806 illud,

215 1831 285 1864 quo
311 1820 416 1855 iussit
441 1818 585 1865 Apollo,
621 1818 753 1854 Thesei
788 1830 870 1854 ossa
895 1819 1061 1855 Athenas
1094 1818 1326 1864 transferri.³)
1383 1818 1503 1853 Multa

215 1917 242 1945 ei
264 1922 333 1945 sunt
361 1917 420 1944 tria
447 1916 587 1952 Hippyos
616 1916 747 1953 Rhegini
776 1915 955 1953 fragmenta,
984 1924 1111 1952 quorum
1132 1915 1218 1943 unius
1248 1917 1352 1942 auctor
1380 1914 1504 1942 minime

215 1962 314 1989 certus
336 1962 381 1989 est
402 1959 452 1996 (fr.
473 1960 512 1996 7),
534 1959 661 1988 alterum
689 1969 748 1987 non
778 1959 912 1987 continet
940 1959 1092 1988 oraculum
1121 1958 1168 1996 (fr.
1190 1960 1234 1995 8),
1262 1957 1385 1987 tertium
1415 1960 1503 1986 notos

213 2004 250 2034 de
272 2004 400 2034 Crotone
422 2003 577 2033 condenda
597 2003 722 2041 praebet
743 2013 857 2033 versus.
882 2003 934 2040 (fr.
949 2004 983 2041 4)
999 2003 1148 2041 Apertum
1169 2005 1224 2040 est,
1245 2002 1303 2032 hoc
1325 2004 1502 2040 argumento

213 2050 256 2078 nil
277 2049 477 2077 demonstrari
498 2057 536 2076 ne
557 2048 584 2077 ei
610 2048 731 2085 quidem
764 2048 815 2085 qui
844 2057 905 2076 non
937 2057 1004 2076 cum
1026 2047 1257 2076 Wilamowitzio
1287 2049 1388 2084 negat,
1423 2046 1501 2083 frag-

214 2095 316 2122 menta
336 2094 454 2121 servata
475 2091 524 2129 (F.
546 2091 587 2120 H.
610 2091 647 2120 G.
668 2091 703 2120 ΙΙ
726 2092 762 2122 12
782 2091 839 2129 sq.)
861 2100 997 2120 manasse
1026 2101 1063 2120 ex
1091 2090 1222 2129 genuino
1243 2090 1383 2128 Hippyos
1413 2090 1498 2118 libro.

214 2137 463 2217 (Ηθηῖξεῖἓὲίᾓῡ,
492 2190 551 2208 non
583 2180 660 2207 facio
694 2179 732 2208 de
760 2180 944 2216 Delphorum
976 2179 1198 2207 narrationibus
1228 2178 1369 2215 mythicis
1401 2180 1431 2205 et
1465 2177 1502 2205 de·

213 2234 316 2254 earum
337 2224 549 2263 divulgatione,
572 2223 651 2261 quod
672 2223 725 2252 has
746 2232 793 2252 res
813 2222 946 2252 nondum
968 2222 1040 2251 satis
1061 2223 1213 2261 intellego.

311 2269 335 2306 Β)
357 2269 451 2298 Thuc.
473 2268 490 2296 I
511 2269 576 2299 134.
618 2268 705 2296 Diod.
727 2267 776 2296 XI
795 2269 843 2297 45.

310 2313 336 2350 ³)
359 2312 427 2341 Hoc
449 2312 605 2341 oraculum
627 2311 792 2341 secundum
813 2311 1078 2340 Wilamowitzium
1108 2311 1140 2348 (l.
1163 2311 1181 2339 l.
1204 2310 1220 2339 Ι
1241 2321 1269 2348 p.
1292 2311 1349 2340 146
1371 2311 1452 2346 ann.)
1483 2319 1501 2337 a

213 2357 375 2386 Plutarcho
398 2357 501 2395 (Thes.
525 2357 577 2395 36)
599 2366 636 2386 ex
656 2355 784 2385 Atthide
805 2355 1019 2394 depromptum
1041 2359 1095 2386 est.

1444 2416 1462 2443 5
