1770 2769
738 76 981 110 -56-

205 184 296 217 θεοῦ
323 187 435 217 ταῦτα
460 181 761 228 προστάσσοντος,
790 179 839 224 ὥς
865 196 936 218 που
966 187 1137 228 Τυρταῖος
1171 180 1406 229 ἐπιμέμνηται
1440 180 1497 216 διὰ

205 235 373 271 τούτων.“
403 237 517 282 (sequ.
545 235 697 283 versus.)

308 298 390 345 Qua
423 300 564 335 ratione
600 300 728 335 horum
756 300 945 336 verborum
971 304 1098 335 auctor
1123 303 1251 344 putare
1269 300 1399 344 potuit,
1419 311 1496 334 ora-

206 353 325 388 culum
351 365 373 388 a
399 357 507 398 poeta
533 353 720 388 laudatum
746 354 797 388 nil
823 353 913 389 velle
939 354 1009 388 nisi
1035 353 1174 388 sancire
1192 352 1337 388 rhetrae
1357 351 1498 398 supple-

203 411 363 442 mentum
389 406 480 442 illud
505 407 569 449 „at'
595 407 635 444 δὲ
661 406 807 444 σκολιὰν
833 435 841 444 .
869 436 877 444 .
905 407 965 444 .“?
1022 406 1091 444 Ed.
1118 407 1247 453 Meyer
1272 407 1320 452 (p.
1348 406 1436 453 228)
1463 409 1499 442 et

203 461 334 496 Busolt
360 460 418 506 (12
445 474 478 506 p.
508 463 592 506 545)
619 462 906 507 respondebunt:
934 461 1031 506 quod
1055 460 1265 506 obsequium
1284 461 1368 494 viris
1387 472 1498 505 popu-

204 514 341 549 laribus
368 514 606 553 commendat.
670 515 826 552 Vertunt
861 515 971 551 enim:
1009 513 1273 560 „Vorangehen
1304 514 1352 549 im
1378 513 1497 550 Rathe

205 568 318 604 sollen
345 569 403 604 die
429 569 574 614 Konige
601 569 674 604 und
700 569 898 614 Geronten,
925 569 1076 604 alsdann
1095 567 1244 616 [folgen]
1265 568 1322 603 die
1342 568 1498 603 Manner

205 622 268 656 des
298 622 431 657 Volkes
459 652 467 660 .
497 651 504 659 .
534 625 565 657 .“
618 623 672 658 At
698 624 826 658 mirum
853 622 941 657 illud
977 622 1140 668 „folgen“
1178 621 1275 667 apud
1302 621 1497 667 Tyrtaeum

204 688 275 710 non
302 676 483 711 invenitur
510 680 545 711 et
572 677 647 711 sine
672 677 706 711 vi
725 676 883 722 suppleri
901 688 972 711 non
990 680 1110 721 potest
1129 689 1150 711 a
1166 675 1317 720 Meyero
1336 675 1495 710 dicente:

203 729 283 772 „Zu
310 727 470 776 δημότας
495 728 629 777 ἄνδρας
655 731 702 765 ist
728 742 793 765 aus
821 730 900 764 dem
929 728 1246 774 vorhergehenden
1281 727 1404 776 ἄρχειν
1438 728 1496 762 ein

204 782 366 818 Verbum
393 784 458 817 wie
485 782 643 820 ἕπεσθαι
673 796 717 818 zu
744 783 984 829 supplieren.“

301 846 387 881 Meo
415 843 560 891 quidem
586 847 718 882 iudicio
745 847 961 882 Plutarchus
988 846 1151 891 putabat,
1187 858 1289 890 reges
1323 845 1495 890 pressisse

203 911 326 934 vocem
353 898 580 939 ,,εὕθείαις.“
641 899 679 935 Si
706 900 859 945 Delphis
893 900 1074 934 oraculum
1111 899 1277 934 veniebat
1310 898 1496 933 continens

206 952 314 988 verba
341 951 533 994 ,,εὕθειάις
560 951 746 1002 ῥήτραις,“
775 953 943 998 Spartani
969 953 1136 998 opinione
1156 952 1342 987 Plutarchi
1368 955 1495 997 putare

204 1007 394 1051 debebant,
424 1007 528 1042 deum
556 1008 711 1052 probare
738 1007 895 1042 rhetram
923 1019 1002 1041 cum
1026 1007 1217 1041 novissimo
1237 1005 1493 1044 additamento,

202 1072 281 1094 cum
309 1064 471 1095 censeret
496 1061 638 1096 rhetras
665 1059 816 1101 εὐθείας
843 1072 931 1096 esse.

301 1124 421 1159 Aliter
447 1136 504 1160 res
532 1125 703 1170 explicari
730 1128 858 1171 potest,
887 1125 916 1160 si
945 1125 1107 1171 sumitur,
1140 1124 1376 1159 Plutarchum
1412 1115 1494 1168 post

202 1176 632 1224 ,,ἇντα7ῑα,ιιειβο,ιιένους“
669 1191 740 1213 non
766 1179 1042 1223 interpunxisse,
1078 1189 1157 1213 cum
1194 1181 1348 1223 putaret,
1385 1188 1493 1211 enun-

202 1232 329 1266 tiatum
357 1244 428 1267 non
454 1233 633 1277 integrum
662 1244 739 1267 esse
769 1235 844 1268 sine
872 1232 998 1275 verbis,
1041 1244 1132 1277 quae
1166 1235 1365 1276 sequuntur
1399 1229 1493 1274 apud

201 1285 422 1321 Diodorum:

348 1362 576 1403 „gamanam
603 1359 639 1394 δὲ
665 1358 709 1394 τὰ
737 1358 823 1393 καλὰ
851 1360 909 1394 καὶ
935 1358 1046 1405 ἔρδειν
1072 1358 1192 1394 πάντα
1218 1358 1336 1393 δίκαια

350 1412 452 1459 (μηδέ
477 1426 513 1447 τι
540 1412 781 1458 ἐπιβουλεύειν
805 1413 886 1459 τῇδε
914 1412 1030 1459 πόλει)

343 1465 454 1513 δήμου
479 1466 517 1501 δὲ
542 1466 684 1513 πλήθει
711 1469 805 1513 νίκην
831 1467 890 1501 καὶ
916 1466 1045 1512 κάρτος
1070 1464 1229 1501 ἕπεσθαι

346 1522 472 1565 Φοῖβος
497 1519 565 1566 γὰρ
589 1520 674 1566 περὶ
700 1525 770 1555 τῶν
797 1514 854 1554 ὧδ’
880 1515 1043 1567 ἆπέφηνε
1070 1519 1206 1555 nbi-ecf-

300 1592 395 1629 Sane
429 1598 505 1628 tum
541 1606 620 1629 cum
654 1594 844 1629 Dindorfio
880 1599 1007 1640 putare
1043 1594 1225 1639 debemus,
1260 1593 1494 1628 Plutarchum

200 1658 265 1691 pro
292 1647 454 1682 codicum
483 1652 716 1692 „paevstelm‘tat
743 1648 807 1700 δ-ὲ“
835 1648 964 1693 legisse
992 1651 1222 1693 „pcv1‘}eZo{}at
1251 1652 1326 1700 Est·

299 1715 337 1751 Si
364 1728 422 1751 res
449 1717 500 1751 ita
527 1728 565 1751 se
593 1715 737 1759 habent,
781 1717 826 1751 ab
854 1712 1001 1764 ,ἄρχειν
1027 1716 1183 1763 βουλῆς“
1210 1716 1275 1750 viri
1301 1715 1493 1760 populares

201 1769 336 1803 exclusi
364 1773 456 1812 sunt,
493 1770 589 1814 quod
624 1770 811 1803 Plutarchi
846 1776 1028 1804 auctorem
1062 1770 1108 1804 ad
1144 1769 1355 1804 sententiam
1393 1779 1492 1803 suam

200 1821 379 1857 adducere
407 1823 536 1868 potuit,
565 1823 595 1858 si
623 1823 731 1858 etiarn
759 1835 899 1858 versum
926 1821 1067 1872 ,δήμου
1093 1823 1132 1860 δὲ
1159 1820 1297 1872 πλήθει
1317 1823 1415 1869 νίκην
1433 1822 1491 1858 καὶ

198 1874 331 1924 κάρτος
365 1876 549 1914 ἕπεσθαΝ
584 1877 676 1911 male
718 1877 903 1912 intellexit.
972 1878 1077 1913 Haec
1111 1878 1221 1913 verba
1255 1889 1293 1911 re
1329 1888 1414 1911 vera
1448 1875 1492 1910 de

199 1930 305 1964 rebus
345 1931 496 1965 internis
540 1930 725 1965 dicuntur:
769 1931 988 1975 respondent
1031 1943 1181 1978 magnae
1224 1930 1368 1966 rhetrae
1412 1929 1491 1964 loco

198 1982 325 2030 „ddpup
358 1984 397 2021 δὲ
427 1985 554 2033 κυρίαν
596 1980 682 2032 ἦμεν
719 1985 778 2020 καὶ
818 1983 982 2032 κράτος.“
1048 1985 1086 2021 Si
1126 1986 1170 2020 dc
1210 1985 1303 2020 bello
1344 1987 1491 2018 externo

198 2042 375 2083 ageretur,
390 2051 462 2073 non
477 2039 656 2073 diceretur
671 2036 814 2086 ,δήμου
827 2037 989 2087 πλήθεΐ*
1005 2040 1100 2085 quod
1116 2043 1169 2074 est
1186 2039 1272 2084 „der
1281 2037 1492 2072 Maioritaet

200 2091 262 2126 des
289 2091 460 2131 Volkes.“

296 2156 380 2199 Sed,
420 2160 502 2191 utut
540 2157 679 2201 antiqui
719 2156 849 2200 locum,
890 2158 950 2201 qui
989 2158 1039 2192 eis
1079 2157 1353 2192 obscurissimus
1398 2159 1487 2198 erat,

198 2208 385 2254 vexabant,
411 2222 487 2254 nos,
508 2210 537 2244 si
556 2209 766 2255 simpliciter
784 2221 865 2244 eum
884 2210 1073 2256 intuemur,
1093 2210 1288 2246 concedere
1308 2208 1491 2253 debemus,

199 2274 278 2297 eum
304 2264 469 2309 graviora
495 2265 690 2307 continere,
728 2276 833 2309 quam
871 2265 1097 2300 existimabat
1130 2269 1256 2300 auctor
1291 2265 1489 2301 Plutarchi.
