1770 2769
763 87 995 120 -58-

238 194 344 229 dotus
371 192 524 238 Spartae
552 193 645 229 hanc
672 194 916 229 narrationem
942 206 1014 229 non
1052 193 1231 229 audivisse
1258 193 1407 238 videtur,
1447 206 1530 229 nam

238 250 365 283 auctor
390 246 560 292 indigena
588 247 645 281 vix
670 251 742 282 tam
771 259 879 293 prave
907 247 951 282 de
978 247 1151 283 relatione
1173 247 1419 283 intercedente
1437 248 1530 283 inter

237 301 480 336 Astrabacum
520 306 556 335 et
597 296 834 348 ,,ὀνοφορβόν“
850 301 877 348 ¹)
915 301 1119 336 iudicasset.
1158 301 1279 336 Etiam
1317 302 1529 337 traditiones

237 355 478 389 Demarateas
505 354 593 388 haec
619 355 791 395 narratio,
819 355 919 389 cuius
946 355 1096 399 primam
1123 355 1294 399 originem
1313 355 1529 390 Laconicam

235 420 307 443 non
325 419 426 455 nego,
446 419 517 443 non
540 408 688 453 redolet,
709 408 805 454 quod
823 408 1018 454 legitimum
1031 407 1089 443 ius
1101 408 1275 453 regnandi
1289 420 1311 444 a
1327 408 1524 444 Demarato

237 462 429 499 abiudicat.
482 461 574 496 Mihi
600 462 792 497 verisimile
820 462 968 505 videtur,
1003 461 1272 507 philodelphum
1299 463 1529 506 concessisse,

236 515 406 561 Pythiam
421 516 573 561 pecunia
588 519 794 561 corruptam
810 527 900 560 esse,
917 527 1000 550 nam
1015 527 1107 561 quae
1126 515 1294 550 dicuntur
1309 516 1353 550 de
1369 514 1529 560 Cobone,

237 569 493 615 Aristophanti
519 569 603 617 filio,
631 574 667 605 et
695 570 738 605 de
764 569 921 605 Perialla
947 569 1080 615 Pythia
1106 570 1242 615 punita,
1271 569 1424 616 Delphis
1451 573 1531 605 orta

238 636 315 659 esse
343 624 519 659 videntur.
548 624 767 659 Narratione
787 629 906 659 autem
926 624 969 659 de
989 623 1194 659 Astrabaco
1213 624 1401 659 Demarati
1427 628 1529 670 patre

237 678 378 712 adiecta
413 677 565 712 fortasse
601 678 847 712 demonstrare
874 677 993 718 voluit,
1028 677 1398 712 Lacedaemoniorum
1423 677 1530 712 fidem

237 743 282 767 ne
309 731 465 779 pessima
492 730 637 777 quidem
655 731 788 777 Pythia
806 731 1013 766 destitutam
1032 743 1121 772 esse.
1149 731 1245 777 quod
1263 731 1375 767 invita
1393 731 1527 778 optime

238 786 432 820 vaticinata
458 790 565 832 esset,
593 786 830 820 Demaratum
857 785 1042 820 Aristonis
1069 785 1180 820 filium
1206 798 1278 820 non
1306 797 1394 820 esse.

739 1160 909 1197 CAPUT
936 1162 1030 1196 XII.

450 1241 527 1283 De
560 1239 749 1283 ceteris
782 1240 1008 1283 oraculis
1040 1239 1318 1294 Delphicis.

336 1339 543 1384 oraculum,
571 1340 667 1384 quod
687 1340 838 1384 Delphis
865 1340 1106 1384 praescripsit,
1126 1338 1265 1384 Aesopi
1283 1343 1431 1374 mortem
1452 1351 1529 1374 esse

237 1394 415 1438 luendam,
458 1394 492 1427 in
538 1397 749 1428 transcursu
792 1396 1105 1428 commemoratum
1140 1393 1182 1427 ΙΙ
1210 1395 1291 1439 134,
1326 1393 1376 1427 nil
1410 1392 1529 1434 habet,

237 1448 332 1493 quod
362 1447 472 1483 fontis
498 1447 715 1493 apologetici
742 1447 980 1492 suspicionem
1011 1451 1161 1482 moveat.
1213 1447 1386 1483 Fortasse
1413 1447 1528 1482 Hero-

238 1502 343 1536 dotus
372 1502 463 1536 hanc
490 1501 795 1535 narratiunculam
823 1500 920 1536 Sami
948 1501 1094 1544 audivit,
1127 1502 1227 1536 cuius
1255 1501 1340 1536 civis
1366 1501 1529 1546 Iadmon,

236 1555 374 1602 Aesopi
408 1555 584 1600 dominus,
620 1554 749 1598 fuerat,
784 1554 937 1590 fortasse
963 1554 1129 1600 Delphis,
1164 1555 1225 1590 ubi
1258 1556 1463 1601 periegetae
1498 1555 1530 1590 ei

236 1609 473 1654 Rhodopidis,
510 1610 610 1643 cuius
643 1621 834 1643 conservus
861 1609 1028 1653 Aesopus
1055 1608 1182 1652 fuerat,
1214 1609 1405 1643 anathema
1431 1621 1528 1643 mon-

237 1666 453 1707 straverunt,
480 1662 634 1698 sortasse
662 1662 758 1700 alibi,
810 1662 935 1697 Inanis
962 1662 1065 1697 labor
1091 1666 1145 1697 est
1172 1674 1354 1708 quaerere,
1390 1674 1460 1708 quo
1488 1674 1530 1697 ex

236 1717 334 1752 fonte
354 1717 521 1752 haustum
540 1717 588 1751 sit
606 1716 799 1759 oraculum,
827 1716 923 1761 quod
943 1728 1020 1751 cum
1040 1716 1307 1751 narrationibus
1326 1717 1530 1761 vulgaribus

237 1770 416 1814 cohaeret,
444 1781 536 1815 quae
564 1770 625 1804 illo
653 1781 741 1804 aevo
761 1769 803 1803 de
833 1774 968 1814 septem
996 1770 1229 1815 sapientibus,
1258 1770 1301 1804 de
1329 1769 1529 1805 celebribus

236 1825 362 1869 poetis,
391 1824 435 1858 de
462 1824 609 1858 famosis
636 1823 886 1858 meretricibus
914 1827 979 1858 etc.
1000 1828 1067 1861 etc,
1095 1823 1314 1859 ferebantur.
1341 1824 1530 1858 Mittamus

236 1878 346 1923 igitur
372 1878 478 1912 huius
503 1878 556 1912 rei
582 1877 906 1921 investigationem.

334 1931 455 1966 Etiam
483 1931 527 1966 de
554 1930 652 1966 fonte
680 1930 897 1966 narrationis
924 1931 1080 1976 moralis,
1112 1943 1219 1977 quam
1246 1930 1388 1967 subiicit
1412 1931 1530 1967 Hero-

237 1986 343 2021 dotus
367 1986 422 2021 VI
443 1987 488 2021 86
516 1985 773 2031 Leotychidae,
800 1986 876 2030 regi
901 1985 1281 2029 Lacedaemoniorum,
1308 1986 1528 2021 contionanti

236 2040 331 2085 apud
359 2040 613 2084 Athenienses,
649 2039 699 2074 nil
734 2039 852 2074 dicere
887 2051 1083 2085 possemus,
1118 2040 1185 2075 nisi
1212 2039 1422 2075 Herodotus
1452 2041 1529 2086 ipse

237 2098 309 2129 tam
338 2095 516 2138 expressis
544 2094 662 2129 verbis
686 2094 888 2136 affirmaret,
916 2094 1048 2128 fontem
1069 2093 1328 2139 Spartanorum
1349 2106 1530 2129 sermones

237 2159 325 2192 esse,
353 2152 393 2182 ut
420 2148 450 2182 ei
481 2148 538 2182 vix
564 2147 669 2182 fidem
698 2147 875 2192 denegare
903 2148 1095 2193 possimus:
1129 2147 1172 2185 cf.
1199 2147 1344 2194 λέγομεν
1370 2143 1470 2201 ἡμεῖς
1496 2146 1529 2182 οἱ

335 2224 512 2282 Ues—{m
535 2245 641 2274 Wide:
666 2245 856 2273 Lakonische
877 2245 971 2273 Kulte
993 2255 1020 2282 p—
1036 2247 1111 2276 279:
1135 2239 1336 2282 (Astrabacus
1357 2245 1445 2273 heros
1467 2245 1529 2282 ipse

237 2291 410 2328 ὀνοφορβός
432 2292 500 2326 θεῖ)
