<?xml version="1.0" encoding="UTF-8"?>
<!DOCTYPE html PUBLIC "-//W3C//DTD XHTML 1.0 Transitional//EN"
    "http://www.w3.org/TR/xhtml1/DTD/xhtml1-transitional.dtd">
<html xmlns="http://www.w3.org/1999/xhtml" xml:lang="en" lang="en">
 <head>
  <title>
</title>
<meta http-equiv="Content-Type" content="text/html;charset=utf-8" />
  <meta name='ocr-system' content='tesseract 3.04.00' />
  <meta name='ocr-capabilities' content='ocr_page ocr_carea ocr_par ocr_line ocrx_word'/>
</head>
<body>
  <div class='ocr_page' id='page_1' title='image "4737398_0021.png"; bbox 0 0 1770 2769; ppageno 0'>
   <div class='ocr_carea' id='block_1_1' title="bbox 727 80 971 113">
    <p class='ocr_par' dir='ltr' id='par_1_1' title="bbox 727 80 971 113">
     <span class='ocr_line' id='line_1_1' title="bbox 727 80 971 113; baseline 0 -9"><span class='ocrx_word' id='word_1_1' title='bbox 727 80 971 113; x_wconf 72' lang='lat'>—14..-</span> 
     </span>
    </p>
   </div>
   <div class='ocr_carea' id='block_1_2' title="bbox 188 185 1491 2021">
    <p class='ocr_par' dir='ltr' id='par_1_2' title="bbox 194 185 1491 868">
     <span class='ocr_line' id='line_1_2' title="bbox 294 185 1491 232; baseline -0.001 -10"><span class='ocrx_word' id='word_1_2' title='bbox 294 186 429 222; x_wconf 89' lang='lat' dir='ltr'>Mirum</span> <span class='ocrx_word' id='word_1_3' title='bbox 470 186 622 230; x_wconf 84' lang='lat' dir='ltr'>videtur,</span> <span class='ocrx_word' id='word_1_4' title='bbox 667 186 763 232; x_wconf 91' lang='lat' dir='ltr'>quod</span> <span class='ocrx_word' id='word_1_5' title='bbox 802 185 1013 222; x_wconf 86' lang='lat' dir='ltr'>Herodotus</span> <span class='ocrx_word' id='word_1_6' title='bbox 1056 186 1162 232; x_wconf 88' lang='lat' dir='ltr'>dona,</span> <span class='ocrx_word' id='word_1_7' title='bbox 1205 198 1297 232; x_wconf 84' lang='lat' dir='ltr'>quae</span> <span class='ocrx_word' id='word_1_8' title='bbox 1337 185 1491 232; x_wconf 84' lang='lat' dir='ltr'><strong>Delphis</strong></span> 
     </span>
     <span class='ocr_line' id='line_1_3' title="bbox 195 240 1491 286; baseline -0.001 -10"><span class='ocrx_word' id='word_1_9' title='bbox 195 241 292 277; x_wconf 87' lang='lat' dir='ltr'><strong>misit</strong></span> <span class='ocrx_word' id='word_1_10' title='bbox 311 240 469 276; x_wconf 87' lang='lat' dir='ltr'>Croesus</span> <span class='ocrx_word' id='word_1_11' title='bbox 496 244 533 276; x_wconf 87' lang='lat' dir='ltr'>et</span> <span class='ocrx_word' id='word_1_12' title='bbox 559 241 886 286; x_wconf 84' lang='lat' dir='ltr'>compensationem</span> <span class='ocrx_word' id='word_1_13' title='bbox 914 252 1035 275; x_wconf 90' lang='lat' dir='ltr'>eorum</span> <span class='ocrx_word' id='word_1_14' title='bbox 1063 253 1135 276; x_wconf 91' lang='lat' dir='ltr'>non</span> <span class='ocrx_word' id='word_1_15' title='bbox 1162 252 1241 275; x_wconf 91' lang='lat' dir='ltr'>cum</span> <span class='ocrx_word' id='word_1_16' title='bbox 1260 240 1328 275; x_wconf 91' lang='lat' dir='ltr'>hoc</span> <span class='ocrx_word' id='word_1_17' title='bbox 1346 240 1491 276; x_wconf 87' lang='lat' dir='ltr'>oraculo</span> 
     </span>
     <span class='ocr_line' id='line_1_4' title="bbox 195 293 1490 340; baseline -0.001 -11"><span class='ocrx_word' id='word_1_18' title='bbox 195 307 217 330; x_wconf 84' lang='lat' dir='ltr'>a</span> <span class='ocrx_word' id='word_1_19' title='bbox 243 294 476 340; x_wconf 88' lang='lat' dir='ltr'>philodelpho</span> <span class='ocrx_word' id='word_1_20' title='bbox 504 298 651 329; x_wconf 87' lang='lat' dir='ltr'>narrato</span> <span class='ocrx_word' id='word_1_21' title='bbox 678 294 862 339; x_wconf 88' lang='lat' dir='ltr'>coniungit</span> <span class='ocrx_word' id='word_1_22' title='bbox 889 294 952 329; x_wconf 88' lang='lat' dir='ltr'>sed</span> <span class='ocrx_word' id='word_1_23' title='bbox 979 306 1060 328; x_wconf 92' lang='lat' dir='ltr'>cum</span> <span class='ocrx_word' id='word_1_24' title='bbox 1088 294 1326 339; x_wconf 84' lang='lat' dir='ltr'>praecedente</span> <span class='ocrx_word' id='word_1_25' title='bbox 1346 293 1490 329; x_wconf 86' lang='lat' dir='ltr'><strong>aliunde</strong></span> 
     </span>
     <span class='ocr_line' id='line_1_5' title="bbox 196 347 1491 395; baseline -0.001 -11"><span class='ocrx_word' id='word_1_26' title='bbox 196 352 356 395; x_wconf 85' lang='lat' dir='ltr'>accepto.</span> <span class='ocrx_word' id='word_1_27' title='bbox 409 347 463 384; x_wconf 91' lang='lat' dir='ltr'>At</span> <span class='ocrx_word' id='word_1_28' title='bbox 488 347 715 384; x_wconf 80' lang='lat' dir='ltr'>manifestum</span> <span class='ocrx_word' id='word_1_29' title='bbox 744 352 808 392; x_wconf 84' lang='lat' dir='ltr'>est,</span> <span class='ocrx_word' id='word_1_30' title='bbox 848 347 1034 384; x_wconf 88' lang='lat' dir='ltr'>oraculum</span> <span class='ocrx_word' id='word_1_31' title='bbox 1074 348 1118 384; x_wconf 81' lang='lat' dir='ltr'>(le</span> <span class='ocrx_word' id='word_1_32' title='bbox 1157 359 1267 393; x_wconf 87' lang='lat' dir='ltr'>regno</span> <span class='ocrx_word' id='word_1_33' title='bbox 1307 347 1491 394; x_wconf 89' lang='lat' dir='ltr'>perdendo</span> 
     </span>
     <span class='ocr_line' id='line_1_6' title="bbox 199 402 1491 447; baseline -0.001 -10"><span class='ocrx_word' id='word_1_34' title='bbox 199 403 322 437; x_wconf 87' lang='lat' dir='ltr'>datum</span> <span class='ocrx_word' id='word_1_35' title='bbox 342 403 374 437; x_wconf 89' lang='lat' dir='ltr'>ei</span> <span class='ocrx_word' id='word_1_36' title='bbox 393 402 502 436; x_wconf 85' lang='lat' dir='ltr'>fuisse</span> <span class='ocrx_word' id='word_1_37' title='bbox 521 402 836 447; x_wconf 84' lang='lat' dir='ltr'>praemittendum,</span> <span class='ocrx_word' id='word_1_38' title='bbox 856 402 952 446; x_wconf 92' lang='lat' dir='ltr'>quod</span> <span class='ocrx_word' id='word_1_39' title='bbox 970 403 1144 447; x_wconf 76' lang='lat' dir='ltr'>quaestio,</span> <span class='ocrx_word' id='word_1_40' title='bbox 1162 402 1341 436; x_wconf 88' lang='lat' dir='ltr'>bellumne</span> <span class='ocrx_word' id='word_1_41' title='bbox 1359 402 1491 436; x_wconf 89' lang='lat' dir='ltr'>inferre</span> 
     </span>
     <span class='ocr_line' id='line_1_7' title="bbox 194 454 1491 501; baseline -0.001 -10"><span class='ocrx_word' id='word_1_42' title='bbox 194 459 317 501; x_wconf 88' lang='lat' dir='ltr'>posset</span> <span class='ocrx_word' id='word_1_43' title='bbox 340 455 474 500; x_wconf 88' lang='lat' dir='ltr'>Persis,</span> <span class='ocrx_word' id='word_1_44' title='bbox 502 455 640 490; x_wconf 88' lang='lat' dir='ltr'>inutilis</span> <span class='ocrx_word' id='word_1_45' title='bbox 666 454 794 491; x_wconf 87' lang='lat' dir='ltr'>fuisset</span> <span class='ocrx_word' id='word_1_46' title='bbox 819 455 963 501; x_wconf 88' lang='lat' dir='ltr'>prolata</span> <span class='ocrx_word' id='word_1_47' title='bbox 989 455 1034 491; x_wconf 86' lang='lat' dir='ltr'>ab</span> <span class='ocrx_word' id='word_1_48' title='bbox 1060 455 1215 498; x_wconf 89' lang='lat' dir='ltr'>homine,</span> <span class='ocrx_word' id='word_1_49' title='bbox 1255 455 1316 501; x_wconf 91' lang='lat' dir='ltr'>qui</span> <span class='ocrx_word' id='word_1_50' title='bbox 1351 455 1421 490; x_wconf 85' lang='lat' dir='ltr'>iam</span> <span class='ocrx_word' id='word_1_51' title='bbox 1448 467 1491 490; x_wconf 87' lang='lat' dir='ltr'>ex</span> 
     </span>
     <span class='ocr_line' id='line_1_8' title="bbox 194 509 1491 556; baseline -0.001 -11"><span class='ocrx_word' id='word_1_52' title='bbox 194 510 434 555; x_wconf 79' lang='lat' dir='ltr'>praecedente</span> <span class='ocrx_word' id='word_1_53' title='bbox 474 509 621 545; x_wconf 87' lang='lat' dir='ltr'>oraculo</span> <span class='ocrx_word' id='word_1_54' title='bbox 661 510 770 545; x_wconf 87' lang='lat' dir='ltr'>sciret</span> <span class='ocrx_word' id='word_1_55' title='bbox 805 521 877 545; x_wconf 89' lang='lat' dir='ltr'>non</span> <span class='ocrx_word' id='word_1_56' title='bbox 912 510 982 545; x_wconf 87' lang='lat' dir='ltr'>nisi</span> <span class='ocrx_word' id='word_1_57' title='bbox 1014 522 1036 545; x_wconf 90' lang='lat' dir='ltr'>a</span> <span class='ocrx_word' id='word_1_58' title='bbox 1061 510 1157 545; x_wconf 91' lang='lat' dir='ltr'>mulo</span> <span class='ocrx_word' id='word_1_59' title='bbox 1184 509 1402 556; x_wconf 84' lang='lat' dir='ltr'>gubernatos</span> <span class='ocrx_word' id='word_1_60' title='bbox 1430 521 1491 545; x_wconf 87' lang='lat' dir='ltr'>eos</span> 
     </span>
     <span class='ocr_line' id='line_1_9' title="bbox 195 562 1489 606; baseline -0.001 -8"><span class='ocrx_word' id='word_1_61' title='bbox 195 575 273 598; x_wconf 87' lang='lat' dir='ltr'>esse</span> <span class='ocrx_word' id='word_1_62' title='bbox 313 563 503 598; x_wconf 84' lang='lat' dir='ltr'>timendos.</span> <span class='ocrx_word' id='word_1_63' title='bbox 554 562 767 598; x_wconf 88' lang='lat' dir='ltr'>Herodotus</span> <span class='ocrx_word' id='word_1_64' title='bbox 806 566 937 606; x_wconf 88' lang='lat' dir='ltr'>autem,</span> <span class='ocrx_word' id='word_1_65' title='bbox 979 575 1059 598; x_wconf 90' lang='lat' dir='ltr'>cum</span> <span class='ocrx_word' id='word_1_66' title='bbox 1091 563 1274 598; x_wconf 87' lang='lat' dir='ltr'>oraculum</span> <span class='ocrx_word' id='word_1_67' title='bbox 1302 563 1489 598; x_wconf 88' lang='lat' dir='ltr'>metricum</span> 
     </span>
     <span class='ocr_line' id='line_1_10' title="bbox 194 616 1487 663; baseline 0 -11"><span class='ocrx_word' id='word_1_68' title='bbox 194 617 459 663; x_wconf 80' lang='lat' dir='ltr'>postposuisset</span> <span class='ocrx_word' id='word_1_69' title='bbox 485 616 603 661; x_wconf 84' lang='lat' dir='ltr'>alteri,</span> <span class='ocrx_word' id='word_1_70' title='bbox 638 616 827 661; x_wconf 82' lang='lat' dir='ltr'>intellexit,</span> <span class='ocrx_word' id='word_1_71' title='bbox 855 617 1086 653; x_wconf 87' lang='lat' dir='ltr'>donariorum</span> <span class='ocrx_word' id='word_1_72' title='bbox 1114 617 1487 653; x_wconf 85' lang='lat' dir='ltr'>commemorationem</span> 
     </span>
     <span class='ocr_line' id='line_1_11' title="bbox 194 667 1490 715; baseline -0.001 -9"><span class='ocrx_word' id='word_1_73' title='bbox 194 671 404 713; x_wconf 84' lang='lat' dir='ltr'>desiderari,</span> <span class='ocrx_word' id='word_1_74' title='bbox 433 671 529 715; x_wconf 90' lang='lat' dir='ltr'>quod</span> <span class='ocrx_word' id='word_1_75' title='bbox 556 671 689 705; x_wconf 88' lang='lat' dir='ltr'>iterata</span> <span class='ocrx_word' id='word_1_76' title='bbox 712 671 849 705; x_wconf 88' lang='lat' dir='ltr'>oraculi</span> <span class='ocrx_word' id='word_1_77' title='bbox 868 667 1177 706; x_wconf 57' lang='lat' dir='ltr'>consultatio&#39;non</span> <span class='ocrx_word' id='word_1_78' title='bbox 1196 671 1403 706; x_wconf 89' lang='lat' dir='ltr'>conveniret</span> <span class='ocrx_word' id='word_1_79' title='bbox 1420 671 1490 706; x_wconf 90' lang='lat' dir='ltr'>nisi</span> 
     </span>
     <span class='ocr_line' id='line_1_12' title="bbox 194 724 1490 770; baseline 0 -11"><span class='ocrx_word' id='word_1_80' title='bbox 194 725 296 759; x_wconf 87' lang='lat' dir='ltr'>donis</span> <span class='ocrx_word' id='word_1_81' title='bbox 323 736 387 770; x_wconf 87' lang='lat' dir='ltr'>pro</span> <span class='ocrx_word' id='word_1_82' title='bbox 415 724 534 770; x_wconf 84' lang='lat' dir='ltr'>priore</span> <span class='ocrx_word' id='word_1_83' title='bbox 563 735 737 770; x_wconf 86' lang='lat' dir='ltr'>responso</span> <span class='ocrx_word' id='word_1_84' title='bbox 764 725 892 760; x_wconf 88' lang='lat' dir='ltr'>missis.</span> <span class='ocrx_word' id='word_1_85' title='bbox 923 724 1014 759; x_wconf 89' lang='lat' dir='ltr'>Cum</span> <span class='ocrx_word' id='word_1_86' title='bbox 1033 724 1113 760; x_wconf 85' lang='lat' dir='ltr'>fons</span> <span class='ocrx_word' id='word_1_87' title='bbox 1132 725 1333 770; x_wconf 85' lang='lat' dir='ltr'>Delphicus</span> <span class='ocrx_word' id='word_1_88' title='bbox 1351 727 1490 760; x_wconf 86' lang='lat' dir='ltr'>tantum</span> 
     </span>
     <span class='ocr_line' id='line_1_13' title="bbox 194 778 1488 824; baseline 0 -11"><span class='ocrx_word' id='word_1_89' title='bbox 194 779 345 813; x_wconf 88' lang='lat' dir='ltr'>donaria</span> <span class='ocrx_word' id='word_1_90' title='bbox 372 782 681 823; x_wconf 80' lang='lat' dir='ltr'>commemoraret,</span> <span class='ocrx_word' id='word_1_91' title='bbox 708 779 973 813; x_wconf 87' lang='lat' dir='ltr'>contaminator</span> <span class='ocrx_word' id='word_1_92' title='bbox 998 779 1034 813; x_wconf 93' lang='lat' dir='ltr'>in</span> <span class='ocrx_word' id='word_1_93' title='bbox 1062 778 1179 814; x_wconf 91' lang='lat' dir='ltr'>locum</span> <span class='ocrx_word' id='word_1_94' title='bbox 1197 779 1354 824; x_wconf 89' lang='lat' dir='ltr'>priorem</span> <span class='ocrx_word' id='word_1_95' title='bbox 1371 782 1488 813; x_wconf 87' lang='lat' dir='ltr'>trans-</span> 
     </span>
     <span class='ocr_line' id='line_1_14' title="bbox 194 832 648 868; baseline 0.002 -2"><span class='ocrx_word' id='word_1_96' title='bbox 194 832 289 867; x_wconf 87' lang='lat' dir='ltr'>ferre</span> <span class='ocrx_word' id='word_1_97' title='bbox 318 844 361 867; x_wconf 85' lang='lat' dir='ltr'>ea</span> <span class='ocrx_word' id='word_1_98' title='bbox 388 836 533 867; x_wconf 87' lang='lat' dir='ltr'>coactus</span> <span class='ocrx_word' id='word_1_99' title='bbox 561 836 648 868; x_wconf 85' lang='lat' dir='ltr'>erat.</span> 
     </span>
    </p>

    <p class='ocr_par' dir='ltr' id='par_1_3' title="bbox 192 885 1490 1190">
     <span class='ocr_line' id='line_1_15' title="bbox 292 885 1489 931; baseline 0 -11"><span class='ocrx_word' id='word_1_100' title='bbox 292 886 406 920; x_wconf 87' lang='lat' dir='ltr'>Estne</span> <span class='ocrx_word' id='word_1_101' title='bbox 434 886 542 920; x_wconf 86' lang='lat' dir='ltr'>etiam</span> <span class='ocrx_word' id='word_1_102' title='bbox 568 888 615 931; x_wconf 78' lang='lat' dir='ltr'>(c.</span> <span class='ocrx_word' id='word_1_103' title='bbox 636 886 699 931; x_wconf 88' lang='lat'>85)</span> <span class='ocrx_word' id='word_1_104' title='bbox 727 886 770 920; x_wconf 89' lang='lat' dir='ltr'>de</span> <span class='ocrx_word' id='word_1_105' title='bbox 798 890 896 920; x_wconf 89' lang='lat' dir='ltr'>muto</span> <span class='ocrx_word' id='word_1_106' title='bbox 923 885 995 920; x_wconf 93' lang='lat' dir='ltr'>filio</span> <span class='ocrx_word' id='word_1_107' title='bbox 1022 885 1145 921; x_wconf 88' lang='lat' dir='ltr'>fabula</span> <span class='ocrx_word' id='word_1_108' title='bbox 1172 898 1215 920; x_wconf 85' lang='lat' dir='ltr'>ex</span> <span class='ocrx_word' id='word_1_109' title='bbox 1241 886 1366 921; x_wconf 88' lang='lat' dir='ltr'>eodem</span> <span class='ocrx_word' id='word_1_110' title='bbox 1392 885 1489 921; x_wconf 88' lang='lat' dir='ltr'>fonte</span> 
     </span>
     <span class='ocr_line' id='line_1_16' title="bbox 193 935 1490 986; baseline -0.001 -12"><span class='ocrx_word' id='word_1_111' title='bbox 193 940 335 985; x_wconf 85' lang='lat' dir='ltr'>hausta,</span> <span class='ocrx_word' id='word_1_112' title='bbox 357 940 419 984; x_wconf 90' lang='lat' dir='ltr'>qui</span> <span class='ocrx_word' id='word_1_113' title='bbox 437 939 585 974; x_wconf 83' lang='lat' dir='ltr'>oracula</span> <span class='ocrx_word' id='word_1_114' title='bbox 602 939 820 984; x_wconf 83' lang='lat' dir='ltr'>praebuerat</span> <span class='ocrx_word' id='word_1_115' title='bbox 837 939 900 974; x_wconf 91' lang='lat' dir='ltr'>illa</span> <span class='ocrx_word' id='word_1_116' title='bbox 918 935 1187 986; x_wconf 65' lang='grc' dir='ltr'><strong><em>,,“Ηρακλείόῃσι</em></strong></span> <span class='ocrx_word' id='word_1_117' title='bbox 1205 941 1301 981; x_wconf 85' lang='grc' dir='ltr'><strong><em>τίσις</em></strong></span> <span class='ocrx_word' id='word_1_118' title='bbox 1317 936 1391 986; x_wconf 71' lang='grc' dir='ltr'>Ιἥξει</span> <span class='ocrx_word' id='word_1_119' title='bbox 1407 966 1414 974; x_wconf 93' lang='grc'>.</span> <span class='ocrx_word' id='word_1_120' title='bbox 1433 967 1439 973; x_wconf 94' lang='grc'><em>.</em></span> <span class='ocrx_word' id='word_1_121' title='bbox 1457 943 1490 973; x_wconf 84' lang='grc'>.“</span> 
     </span>
     <span class='ocr_line' id='line_1_17' title="bbox 192 988 1488 1039; baseline 0 -12"><span class='ocrx_word' id='word_1_122' title='bbox 192 990 295 1035; x_wconf 64' lang='lat' dir='ltr'>„nida</span> <span class='ocrx_word' id='word_1_123' title='bbox 319 991 420 1038; x_wconf 77' lang='grc' dir='ltr'><strong><em>δ’ἐγιὺ</em></strong></span> <span class='ocrx_word' id='word_1_124' title='bbox 443 991 596 1038; x_wconf 77' lang='grc' dir='ltr'><em>ψάμμου</em></span> <span class='ocrx_word' id='word_1_125' title='bbox 611 1021 618 1028; x_wconf 91' lang='grc'><em>.</em></span> <span class='ocrx_word' id='word_1_126' title='bbox 636 1020 643 1026; x_wconf 92' lang='grc'><strong>.</strong></span> <span class='ocrx_word' id='word_1_127' title='bbox 660 997 694 1027; x_wconf 82' lang='grc'>.“</span> <span class='ocrx_word' id='word_1_128' title='bbox 719 988 818 1035; x_wconf 70' lang='grc' dir='ltr'><strong><em>,,α’λλ’</em></strong></span> <span class='ocrx_word' id='word_1_129' title='bbox 845 989 929 1027; x_wconf 78' lang='grc' dir='ltr'><strong><em>’όταν</em></strong></span> <span class='ocrx_word' id='word_1_130' title='bbox 946 989 1140 1039; x_wconf 50' lang='grc' dir='ltr'><strong><em>ἡμίονοςόίὶ)</em></strong></span> <span class='ocrx_word' id='word_1_131' title='bbox 1166 993 1365 1038; x_wconf 80' lang='lat' dir='ltr'>Delphicae</span> <span class='ocrx_word' id='word_1_132' title='bbox 1383 994 1488 1038; x_wconf 87' lang='lat' dir='ltr'>origi-</span> 
     </span>
     <span class='ocr_line' id='line_1_18' title="bbox 193 1046 1488 1091; baseline 0 -10"><span class='ocrx_word' id='word_1_133' title='bbox 193 1047 249 1081; x_wconf 87' lang='lat' dir='ltr'>nis</span> <span class='ocrx_word' id='word_1_134' title='bbox 276 1046 448 1081; x_wconf 87' lang='lat' dir='ltr'>indicium</span> <span class='ocrx_word' id='word_1_135' title='bbox 475 1051 573 1081; x_wconf 89' lang='lat' dir='ltr'>certe</span> <span class='ocrx_word' id='word_1_136' title='bbox 600 1058 671 1081; x_wconf 90' lang='lat' dir='ltr'>non</span> <span class='ocrx_word' id='word_1_137' title='bbox 700 1051 765 1090; x_wconf 87' lang='lat' dir='ltr'>est,</span> <span class='ocrx_word' id='word_1_138' title='bbox 806 1047 900 1091; x_wconf 92' lang='lat' dir='ltr'>quod</span> <span class='ocrx_word' id='word_1_139' title='bbox 940 1046 1029 1081; x_wconf 86' lang='lat' dir='ltr'>haec</span> <span class='ocrx_word' id='word_1_140' title='bbox 1068 1046 1266 1088; x_wconf 85' lang='lat' dir='ltr'>historiola,</span> <span class='ocrx_word' id='word_1_141' title='bbox 1304 1050 1344 1081; x_wconf 91' lang='lat' dir='ltr'>ut</span> <span class='ocrx_word' id='word_1_142' title='bbox 1374 1057 1488 1091; x_wconf 86' lang='lat' dir='ltr'>paene</span> 
     </span>
     <span class='ocr_line' id='line_1_19' title="bbox 195 1099 1490 1145; baseline 0.001 -11"><span class='ocrx_word' id='word_1_143' title='bbox 195 1112 318 1135; x_wconf 89' lang='lat' dir='ltr'>omnes</span> <span class='ocrx_word' id='word_1_144' title='bbox 345 1100 572 1135; x_wconf 84' lang='lat' dir='ltr'>narrationes</span> <span class='ocrx_word' id='word_1_145' title='bbox 600 1099 911 1145; x_wconf 56' lang='lat' dir='ltr'>chresmologffiae,</span> <span class='ocrx_word' id='word_1_146' title='bbox 939 1100 1184 1135; x_wconf 89' lang='lat' dir='ltr'>testimonium</span> <span class='ocrx_word' id='word_1_147' title='bbox 1211 1104 1265 1135; x_wconf 89' lang='lat' dir='ltr'>est</span> <span class='ocrx_word' id='word_1_148' title='bbox 1288 1100 1490 1145; x_wconf 84' lang='lat' dir='ltr'>praescien-</span> 
     </span>
     <span class='ocr_line' id='line_1_20' title="bbox 193 1153 770 1190; baseline -0.002 -1"><span class='ocrx_word' id='word_1_149' title='bbox 193 1155 265 1189; x_wconf 85' lang='lat' dir='ltr'>tiae</span> <span class='ocrx_word' id='word_1_150' title='bbox 294 1154 447 1190; x_wconf 75' lang='lat' dir='ltr'>divinae.</span> <span class='ocrx_word' id='word_1_151' title='bbox 475 1153 673 1189; x_wconf 88' lang='lat' dir='ltr'>Oraculum</span> <span class='ocrx_word' id='word_1_152' title='bbox 701 1158 770 1189; x_wconf 90' lang='lat' dir='ltr'>est:</span> 
     </span>
    </p>

    <p class='ocr_par' dir='ltr' id='par_1_4' title="bbox 311 1211 1312 1261">
     <span class='ocr_line' id='line_1_21' title="bbox 311 1211 1312 1261; baseline 0.001 -14"><span class='ocrx_word' id='word_1_153' title='bbox 311 1212 427 1257; x_wconf 49' lang='grc' dir='ltr'>,μηδὲ</span> <span class='ocrx_word' id='word_1_154' title='bbox 453 1215 552 1259; x_wconf 82' lang='grc' dir='ltr'><strong><em>γένος</em></strong></span> <span class='ocrx_word' id='word_1_155' title='bbox 577 1212 717 1248; x_wconf 77' lang='grc' dir='ltr'><strong><em>πολλῶν</em></strong></span> <span class='ocrx_word' id='word_1_156' title='bbox 743 1212 898 1258; x_wconf 80' lang='grc' dir='ltr'><strong><em>βασιλεῦ,</em></strong></span> <span class='ocrx_word' id='word_1_157' title='bbox 925 1215 1016 1258; x_wconf 81' lang='grc' dir='ltr'><strong><em>μέγα</em></strong></span> <span class='ocrx_word' id='word_1_158' title='bbox 1041 1211 1146 1261; x_wconf 79' lang='grc' dir='ltr'><strong><em>νήπιε</em></strong></span> <span class='ocrx_word' id='word_1_159' title='bbox 1172 1217 1312 1259; x_wconf 84' lang='grc' dir='ltr'><em>Κροῖσε,</em></span> 
     </span>
    </p>

    <p class='ocr_par' dir='ltr' id='par_1_5' title="bbox 309 1262 1231 1315">
     <span class='ocr_line' id='line_1_22' title="bbox 309 1262 1231 1315; baseline -0.001 -13"><span class='ocrx_word' id='word_1_160' title='bbox 309 1266 358 1314; x_wconf 77' lang='grc' dir='ltr'>μὴ</span> <span class='ocrx_word' id='word_1_161' title='bbox 382 1266 510 1312; x_wconf 77' lang='grc' dir='ltr'><em>βούλου</em></span> <span class='ocrx_word' id='word_1_162' title='bbox 536 1266 751 1302; x_wconf 81' lang='grc' dir='ltr'><strong><em>πολύευκτον</em></strong></span> <span class='ocrx_word' id='word_1_163' title='bbox 777 1266 832 1315; x_wconf 75' lang='grc' dir='ltr'>ἰὴν</span> <span class='ocrx_word' id='word_1_164' title='bbox 858 1262 924 1302; x_wconf 79' lang='grc' dir='ltr'>ἇνά</span> <span class='ocrx_word' id='word_1_165' title='bbox 953 1262 1231 1312; x_wconf 78' lang='grc' dir='ltr'><strong><em>δώματ’ἆκούειν</em></strong></span> 
     </span>
    </p>

    <p class='ocr_par' dir='ltr' id='par_1_6' title="bbox 310 1316 1374 1369">
     <span class='ocr_line' id='line_1_23' title="bbox 310 1316 1374 1369; baseline 0 -13"><span class='ocrx_word' id='word_1_166' title='bbox 310 1320 440 1363; x_wconf 82' lang='grc' dir='ltr'><strong><em>παιδὸς</em></strong></span> <span class='ocrx_word' id='word_1_167' title='bbox 467 1323 727 1369; x_wconf 76' lang='grc' dir='ltr'><strong><em>φθεγγομένου,</em></strong></span> <span class='ocrx_word' id='word_1_168' title='bbox 755 1320 796 1357; x_wconf 82' lang='grc' dir='ltr'>τὸ</span> <span class='ocrx_word' id='word_1_169' title='bbox 822 1321 858 1356; x_wconf 84' lang='grc' dir='ltr'>δέ</span> <span class='ocrx_word' id='word_1_170' title='bbox 884 1332 942 1356; x_wconf 91' lang='grc' dir='ltr'>σοι</span> <span class='ocrx_word' id='word_1_171' title='bbox 968 1319 1059 1356; x_wconf 85' lang='grc' dir='ltr'><strong><em>πολὺ</em></strong></span> <span class='ocrx_word' id='word_1_172' title='bbox 1085 1321 1192 1356; x_wconf 80' lang='grc' dir='ltr'><strong><em>λώιον</em></strong></span> <span class='ocrx_word' id='word_1_173' title='bbox 1216 1316 1335 1369; x_wconf 77' lang='grc' dir='ltr'><strong><em>ἅμφίς</em></strong></span> <span class='ocrx_word' id='word_1_174' title='bbox 1350 1320 1374 1368; x_wconf 91' lang='grc' dir='ltr'>ι)</span> 
     </span>
    </p>

    <p class='ocr_par' dir='ltr' id='par_1_7' title="bbox 312 1370 1287 1422">
     <span class='ocr_line' id='line_1_24' title="bbox 312 1370 1287 1422; baseline -0.001 -12"><span class='ocrx_word' id='word_1_175' title='bbox 312 1374 459 1420; x_wconf 69' lang='grc' dir='ltr'><strong><em>ἔμμεναι</em></strong></span> <span class='ocrx_word' id='word_1_176' title='bbox 486 1370 628 1422; x_wconf 66' lang='grc' dir='ltr'><strong><em>αὐδήσει</em></strong></span> <span class='ocrx_word' id='word_1_177' title='bbox 655 1373 723 1421; x_wconf 79' lang='grc' dir='ltr'>γὰρ</span> <span class='ocrx_word' id='word_1_178' title='bbox 749 1373 785 1410; x_wconf 70' lang='grc' dir='ltr'>ἐν</span> <span class='ocrx_word' id='word_1_179' title='bbox 811 1372 918 1422; x_wconf 73' lang='grc' dir='ltr'><strong><em>ἤματι</em></strong></span> <span class='ocrx_word' id='word_1_180' title='bbox 945 1379 1088 1421; x_wconf 82' lang='grc' dir='ltr'><strong><em>πρῶτον</em></strong></span> <span class='ocrx_word' id='word_1_181' title='bbox 1113 1370 1287 1421; x_wconf 78' lang='grc' dir='ltr'><strong><em>ἆνόλβῳ.“</em></strong></span> 
     </span>
    </p>

    <p class='ocr_par' dir='ltr' id='par_1_8' title="bbox 189 1434 1487 1749">
     <span class='ocr_line' id='line_1_25' title="bbox 292 1434 1486 1479; baseline -0.001 -10"><span class='ocrx_word' id='word_1_182' title='bbox 292 1435 430 1470; x_wconf 87' lang='lat' dir='ltr'>Versus</span> <span class='ocrx_word' id='word_1_183' title='bbox 457 1437 478 1469; x_wconf 84' lang='lat'>2</span> <span class='ocrx_word' id='word_1_184' title='bbox 507 1439 542 1469; x_wconf 89' lang='lat' dir='ltr'>et</span> <span class='ocrx_word' id='word_1_185' title='bbox 569 1436 590 1469; x_wconf 87' lang='lat'><strong>3</strong></span> <span class='ocrx_word' id='word_1_186' title='bbox 617 1435 723 1469; x_wconf 87' lang='lat' dir='ltr'>huius</span> <span class='ocrx_word' id='word_1_187' title='bbox 751 1434 887 1469; x_wconf 90' lang='lat' dir='ltr'>oraculi</span> <span class='ocrx_word' id='word_1_188' title='bbox 913 1435 1058 1479; x_wconf 86' lang='lat' dir='ltr'>genuini</span> <span class='ocrx_word' id='word_1_189' title='bbox 1086 1446 1164 1469; x_wconf 86' lang='lat' dir='ltr'>esse</span> <span class='ocrx_word' id='word_1_190' title='bbox 1191 1434 1368 1478; x_wconf 85' lang='lat' dir='ltr'>videntur,</span> <span class='ocrx_word' id='word_1_191' title='bbox 1404 1446 1486 1468; x_wconf 88' lang='lat' dir='ltr'>nam</span> 
     </span>
     <span class='ocr_line' id='line_1_26' title="bbox 192 1486 1487 1535; baseline -0.001 -12"><span class='ocrx_word' id='word_1_192' title='bbox 192 1489 277 1534; x_wconf 91' lang='lat' dir='ltr'>quid</span> <span class='ocrx_word' id='word_1_193' title='bbox 306 1489 406 1523; x_wconf 87' lang='lat' dir='ltr'>aliud</span> <span class='ocrx_word' id='word_1_194' title='bbox 432 1489 644 1533; x_wconf 87' lang='lat' dir='ltr'>responderi</span> <span class='ocrx_word' id='word_1_195' title='bbox 670 1490 789 1534; x_wconf 90' lang='lat' dir='ltr'>potuit</span> <span class='ocrx_word' id='word_1_196' title='bbox 807 1488 943 1523; x_wconf 83' lang='lat' dir='ltr'>Croeso</span> <span class='ocrx_word' id='word_1_197' title='bbox 972 1488 1016 1523; x_wconf 89' lang='lat' dir='ltr'>de</span> <span class='ocrx_word' id='word_1_198' title='bbox 1043 1488 1108 1523; x_wconf 88' lang='lat' dir='ltr'>filii</span> <span class='ocrx_word' id='word_1_199' title='bbox 1134 1488 1257 1535; x_wconf 88' lang='lat' dir='ltr'>lingua</span> <span class='ocrx_word' id='word_1_200' title='bbox 1275 1486 1487 1533; x_wconf 73' lang='lat' dir='ltr'>quaerenti?</span> 
     </span>
     <span class='ocr_line' id='line_1_27' title="bbox 190 1541 1486 1588; baseline -0.001 -11"><span class='ocrx_word' id='word_1_201' title='bbox 190 1542 417 1578; x_wconf 87' lang='lat' dir='ltr'>Adulescens</span> <span class='ocrx_word' id='word_1_202' title='bbox 452 1542 606 1578; x_wconf 88' lang='lat' dir='ltr'>fortasse</span> <span class='ocrx_word' id='word_1_203' title='bbox 641 1547 782 1588; x_wconf 88' lang='lat' dir='ltr'>postea,</span> <span class='ocrx_word' id='word_1_204' title='bbox 818 1554 897 1577; x_wconf 90' lang='lat' dir='ltr'>cum</span> <span class='ocrx_word' id='word_1_205' title='bbox 926 1541 1059 1577; x_wconf 88' lang='lat' dir='ltr'>Sardes</span> <span class='ocrx_word' id='word_1_206' title='bbox 1086 1546 1310 1587; x_wconf 86' lang='lat' dir='ltr'>caperentur,</span> <span class='ocrx_word' id='word_1_207' title='bbox 1346 1545 1486 1577; x_wconf 84' lang='lat' dir='ltr'>terrore</span> 
     </span>
     <span class='ocr_line' id='line_1_28' title="bbox 191 1587 1486 1641; baseline -0.002 -10"><span class='ocrx_word' id='word_1_208' title='bbox 191 1601 339 1631; x_wconf 85' lang='lat' dir='ltr'>sanatus</span> <span class='ocrx_word' id='word_1_209' title='bbox 374 1596 471 1640; x_wconf 75' lang='lat' dir='ltr'>est,²)</span> <span class='ocrx_word' id='word_1_210' title='bbox 509 1601 545 1630; x_wconf 90' lang='lat' dir='ltr'>et</span> <span class='ocrx_word' id='word_1_211' title='bbox 578 1597 721 1630; x_wconf 87' lang='lat' dir='ltr'>minime</span> <span class='ocrx_word' id='word_1_212' title='bbox 757 1600 966 1641; x_wconf 87' lang='lat' dir='ltr'>exspectata</span> <span class='ocrx_word' id='word_1_213' title='bbox 999 1596 1088 1631; x_wconf 87' lang='lat' dir='ltr'>haec</span> <span class='ocrx_word' id='word_1_214' title='bbox 1121 1587 1260 1631; x_wconf 47' lang='lat' dir='ltr'>curatio</span> <span class='ocrx_word' id='word_1_215' title='bbox 1300 1596 1486 1630; x_wconf 81' lang='lat' dir='ltr'>falsarium</span> 
     </span>
     <span class='ocr_line' id='line_1_29' title="bbox 191 1649 1483 1695; baseline -0.002 -10"><span class='ocrx_word' id='word_1_216' title='bbox 191 1650 237 1686; x_wconf 80' lang='lat' dir='ltr'>ad</span> <span class='ocrx_word' id='word_1_217' title='bbox 264 1650 417 1695; x_wconf 90' lang='lat' dir='ltr'>primum</span> <span class='ocrx_word' id='word_1_218' title='bbox 446 1653 481 1685; x_wconf 89' lang='lat' dir='ltr'>et</span> <span class='ocrx_word' id='word_1_219' title='bbox 508 1654 676 1695; x_wconf 86' lang='lat' dir='ltr'>quartum</span> <span class='ocrx_word' id='word_1_220' title='bbox 703 1661 844 1685; x_wconf 86' lang='lat' dir='ltr'>versum</span> <span class='ocrx_word' id='word_1_221' title='bbox 870 1649 1077 1695; x_wconf 89' lang='lat' dir='ltr'>fingendum</span> <span class='ocrx_word' id='word_1_222' title='bbox 1102 1649 1254 1695; x_wconf 89' lang='lat' dir='ltr'>impulit.</span> <span class='ocrx_word' id='word_1_223' title='bbox 1294 1649 1398 1684; x_wconf 80' lang='lat' dir='ltr'>Haec</span> <span class='ocrx_word' id='word_1_224' title='bbox 1425 1660 1483 1683; x_wconf 85' lang='lat' dir='ltr'>ex-</span> 
     </span>
     <span class='ocr_line' id='line_1_30' title="bbox 189 1703 1264 1749; baseline 0.001 -11"><span class='ocrx_word' id='word_1_225' title='bbox 189 1704 335 1749; x_wconf 89' lang='lat' dir='ltr'>plicatio</span> <span class='ocrx_word' id='word_1_226' title='bbox 364 1716 440 1739; x_wconf 87' lang='lat' dir='ltr'>rem</span> <span class='ocrx_word' id='word_1_227' title='bbox 466 1703 697 1749; x_wconf 88' lang='lat' dir='ltr'>philodelpho</span> <span class='ocrx_word' id='word_1_228' title='bbox 725 1703 921 1739; x_wconf 87' lang='lat' dir='ltr'>attribuere</span> <span class='ocrx_word' id='word_1_229' title='bbox 950 1704 1052 1738; x_wconf 91' lang='lat' dir='ltr'>nobis</span> <span class='ocrx_word' id='word_1_230' title='bbox 1079 1704 1264 1749; x_wconf 87' lang='lat' dir='ltr'>permittit.</span> 
     </span>
    </p>

    <p class='ocr_par' dir='ltr' id='par_1_9' title="bbox 188 1756 1489 2021">
     <span class='ocr_line' id='line_1_31' title="bbox 288 1756 1488 1802; baseline -0.002 -9"><span class='ocrx_word' id='word_1_231' title='bbox 288 1757 317 1793; x_wconf 86' lang='lat' dir='ltr'><strong>O</strong></span> <span class='ocrx_word' id='word_1_232' title='bbox 346 1760 388 1793; x_wconf 90' lang='grc'>91</span> <span class='ocrx_word' id='word_1_233' title='bbox 419 1758 603 1793; x_wconf 87' lang='lat' dir='ltr'>oraculum</span> <span class='ocrx_word' id='word_1_234' title='bbox 633 1757 847 1802; x_wconf 88' lang='lat' dir='ltr'>Delphicum</span> <span class='ocrx_word' id='word_1_235' title='bbox 876 1769 912 1792; x_wconf 90' lang='lat' dir='ltr'>se</span> <span class='ocrx_word' id='word_1_236' title='bbox 941 1761 1089 1792; x_wconf 89' lang='lat' dir='ltr'>excusat</span> <span class='ocrx_word' id='word_1_237' title='bbox 1114 1757 1210 1802; x_wconf 88' lang='lat' dir='ltr'>apud</span> <span class='ocrx_word' id='word_1_238' title='bbox 1237 1756 1413 1792; x_wconf 86' lang='lat' dir='ltr'>Croesum</span> <span class='ocrx_word' id='word_1_239' title='bbox 1442 1756 1488 1790; x_wconf 89' lang='lat' dir='ltr'>de</span> 
     </span>
     <span class='ocr_line' id='line_1_32' title="bbox 188 1810 1486 1856; baseline -0.002 -10"><span class='ocrx_word' id='word_1_240' title='bbox 188 1812 341 1847; x_wconf 83' lang='lat' dir='ltr'>funestis</span> <span class='ocrx_word' id='word_1_241' title='bbox 368 1811 537 1848; x_wconf 87' lang='lat' dir='ltr'>consiliis.</span> <span class='ocrx_word' id='word_1_242' title='bbox 578 1811 661 1846; x_wconf 87' lang='lat' dir='ltr'>Hoc</span> <span class='ocrx_word' id='word_1_243' title='bbox 688 1815 796 1856; x_wconf 88' lang='lat' dir='ltr'>caput</span> <span class='ocrx_word' id='word_1_244' title='bbox 823 1824 844 1846; x_wconf 86' lang='lat' dir='ltr'>a</span> <span class='ocrx_word' id='word_1_245' title='bbox 870 1811 957 1847; x_wconf 87' lang='lat' dir='ltr'>viris</span> <span class='ocrx_word' id='word_1_246' title='bbox 984 1811 1098 1846; x_wconf 88' lang='lat' dir='ltr'>doctis</span> <span class='ocrx_word' id='word_1_247' title='bbox 1123 1810 1326 1846; x_wconf 86' lang='lat' dir='ltr'>Benedicto</span> <span class='ocrx_word' id='word_1_248' title='bbox 1353 1810 1401 1856; x_wconf 92' lang='lat' dir='ltr'>(p.</span> <span class='ocrx_word' id='word_1_249' title='bbox 1422 1810 1486 1855; x_wconf 86' lang='lat'>29)</span> 
     </span>
     <span class='ocr_line' id='line_1_33' title="bbox 190 1864 1487 1912; baseline -0.002 -11"><span class='ocrx_word' id='word_1_250' title='bbox 190 1870 226 1901; x_wconf 88' lang='lat' dir='ltr'>et</span> <span class='ocrx_word' id='word_1_251' title='bbox 261 1865 463 1901; x_wconf 86' lang='lat' dir='ltr'>Schuberto</span> <span class='ocrx_word' id='word_1_252' title='bbox 504 1865 554 1912; x_wconf 91' lang='lat' dir='ltr'>(p.</span> <span class='ocrx_word' id='word_1_253' title='bbox 585 1868 654 1900; x_wconf 88' lang='lat'>114</span> <span class='ocrx_word' id='word_1_254' title='bbox 681 1865 762 1911; x_wconf 83' lang='lat' dir='ltr'>sq.)‚</span> <span class='ocrx_word' id='word_1_255' title='bbox 802 1865 933 1910; x_wconf 91' lang='lat' dir='ltr'>quibus</span> <span class='ocrx_word' id='word_1_256' title='bbox 974 1865 1146 1901; x_wconf 90' lang='lat' dir='ltr'>accedere</span> <span class='ocrx_word' id='word_1_257' title='bbox 1182 1865 1324 1900; x_wconf 87' lang='lat' dir='ltr'>videtur</span> <span class='ocrx_word' id='word_1_258' title='bbox 1358 1864 1487 1899; x_wconf 86' lang='lat' dir='ltr'>Busolt</span> 
     </span>
     <span class='ocr_line' id='line_1_34' title="bbox 189 1918 1489 1966; baseline -0.001 -12"><span class='ocrx_word' id='word_1_259' title='bbox 189 1919 272 1966; x_wconf 82' lang='lat' dir='ltr'>(II2</span> <span class='ocrx_word' id='word_1_260' title='bbox 302 1921 397 1964; x_wconf 84' lang='lat'>142),</span> <span class='ocrx_word' id='word_1_261' title='bbox 433 1932 477 1954; x_wconf 88' lang='lat' dir='ltr'>ex</span> <span class='ocrx_word' id='word_1_262' title='bbox 503 1919 602 1954; x_wconf 89' lang='lat' dir='ltr'>fonte</span> <span class='ocrx_word' id='word_1_263' title='bbox 630 1919 808 1964; x_wconf 87' lang='lat' dir='ltr'>Delphico</span> <span class='ocrx_word' id='word_1_264' title='bbox 841 1919 1035 1954; x_wconf 86' lang='lat' dir='ltr'>derivatur.</span> <span class='ocrx_word' id='word_1_265' title='bbox 1089 1919 1184 1954; x_wconf 86' lang='lat' dir='ltr'>Sane</span> <span class='ocrx_word' id='word_1_266' title='bbox 1211 1920 1281 1953; x_wconf 88' lang='lat' dir='ltr'>iam</span> <span class='ocrx_word' id='word_1_267' title='bbox 1309 1918 1489 1954; x_wconf 86' lang='lat' dir='ltr'>Schubert</span> 
     </span>
     <span class='ocr_line' id='line_1_35' title="bbox 189 1967 1489 2021; baseline -0.002 -12"><span class='ocrx_word' id='word_1_268' title='bbox 189 1973 315 2009; x_wconf 88' lang='lat' dir='ltr'>verba:</span> <span class='ocrx_word' id='word_1_269' title='bbox 350 1972 520 2021; x_wconf 78' lang='grc' dir='ltr'><strong><em>,,ὄεύτερα</em></strong></span> <span class='ocrx_word' id='word_1_270' title='bbox 547 1972 583 2009; x_wconf 85' lang='grc' dir='ltr'>δὲ</span> <span class='ocrx_word' id='word_1_271' title='bbox 609 1973 746 2008; x_wconf 81' lang='grc' dir='ltr'><strong><em>τούτων</em></strong></span> <span class='ocrx_word' id='word_1_272' title='bbox 771 1975 946 2020; x_wconf 83' lang='grc' dir='ltr'><strong><em>καιομένῳ</em></strong></span> <span class='ocrx_word' id='word_1_273' title='bbox 981 1967 1078 2020; x_wconf 64' lang='grc' dir='ltr'>αὐτῷ</span> <span class='ocrx_word' id='word_1_274' title='bbox 1113 1972 1281 2018; x_wconf 82' lang='lat' dir='ltr'>(Croeso)</span> <span class='ocrx_word' id='word_1_275' title='bbox 1316 1970 1489 2020; x_wconf 79' lang='grc' dir='ltr'><strong><em>ἐπήρκεσε</em></strong></span> 
     </span>
    </p>
   </div>
   <div class='ocr_carea' id='block_1_3' title="bbox 248 2041 419 2043">
    <p class='ocr_par' dir='ltr' id='par_1_10' title="bbox 248 2041 419 2043">
     <span class='ocr_line' id='line_1_36' title="bbox 248 2041 419 2043; baseline 0 0"><span class='ocrx_word' id='word_1_276' title='bbox 248 2041 419 2043; x_wconf 95' lang='lat' dir='ltr'> </span> 
     </span>
    </p>
   </div>
   <div class='ocr_carea' id='block_1_4' title="bbox 188 2060 1489 2324">
    <p class='ocr_par' dir='ltr' id='par_1_11' title="bbox 188 2060 1488 2234">
     <span class='ocr_line' id='line_1_37' title="bbox 288 2060 1488 2101; baseline -0.002 -10"><span class='ocrx_word' id='word_1_277' title='bbox 288 2064 309 2101; x_wconf 90' lang='lat'>¹)</span> <span class='ocrx_word' id='word_1_278' title='bbox 331 2062 502 2099; x_wconf 85' lang='lat' dir='ltr'>Schubring</span> <span class='ocrx_word' id='word_1_279' title='bbox 521 2061 579 2099; x_wconf 91' lang='lat' dir='ltr'>(De</span> <span class='ocrx_word' id='word_1_280' title='bbox 592 2062 720 2098; x_wconf 85' lang='lat' dir='ltr'>Cypselo</span> <span class='ocrx_word' id='word_1_281' title='bbox 732 2060 956 2090; x_wconf 83' lang='lat' dir='ltr'>Corinthiorum</span> <span class='ocrx_word' id='word_1_282' title='bbox 967 2064 1105 2098; x_wconf 78' lang='lat' dir='ltr'>tyranno.</span> <span class='ocrx_word' id='word_1_283' title='bbox 1140 2061 1218 2089; x_wconf 88' lang='lat' dir='ltr'>Diss.</span> <span class='ocrx_word' id='word_1_284' title='bbox 1232 2060 1367 2097; x_wconf 85' lang='lat' dir='ltr'>Gotting.</span> <span class='ocrx_word' id='word_1_285' title='bbox 1391 2060 1488 2094; x_wconf 79' lang='lat'>1862.)</span> 
     </span>
     <span class='ocr_line' id='line_1_38' title="bbox 189 2103 1488 2144; baseline -0.002 -10"><span class='ocrx_word' id='word_1_286' title='bbox 189 2117 216 2143; x_wconf 89' lang='lat' dir='ltr'>p.</span> <span class='ocrx_word' id='word_1_287' title='bbox 240 2108 276 2137; x_wconf 89' lang='grc'>67</span> <span class='ocrx_word' id='word_1_288' title='bbox 309 2106 390 2134; x_wconf 87' lang='lat' dir='ltr'>haud</span> <span class='ocrx_word' id='word_1_289' title='bbox 421 2106 523 2143; x_wconf 85' lang='lat' dir='ltr'>inepte</span> <span class='ocrx_word' id='word_1_290' title='bbox 554 2105 629 2134; x_wconf 91' lang='lat' dir='ltr'>dicit</span> <span class='ocrx_word' id='word_1_291' title='bbox 658 2115 714 2142; x_wconf 88' lang='lat' dir='ltr'>pro</span> <span class='ocrx_word' id='word_1_292' title='bbox 755 2106 892 2144; x_wconf 53' lang='lat' dir='ltr'>„cippis-&#39;⁴</span> <span class='ocrx_word' id='word_1_293' title='bbox 934 2105 1097 2142; x_wconf 80' lang='lat' dir='ltr'>genuinum</span> <span class='ocrx_word' id='word_1_294' title='bbox 1129 2105 1283 2134; x_wconf 86' lang='lat' dir='ltr'>oraculum</span> <span class='ocrx_word' id='word_1_295' title='bbox 1315 2103 1488 2141; x_wconf 81' lang='lat' dir='ltr'>praebuisse</span> 
     </span>
     <span class='ocr_line' id='line_1_39' title="bbox 190 2148 1487 2188; baseline -0.002 -9"><span class='ocrx_word' id='word_1_296' title='bbox 190 2152 320 2187; x_wconf 56' lang='lat' dir='ltr'>„dauvf‘</span> <span class='ocrx_word' id='word_1_297' title='bbox 364 2150 451 2180; x_wconf 89' lang='lat' dir='ltr'>Idem</span> <span class='ocrx_word' id='word_1_298' title='bbox 473 2152 570 2188; x_wconf 79' lang='lat' dir='ltr'>putat,</span> <span class='ocrx_word' id='word_1_299' title='bbox 592 2150 683 2179; x_wconf 78' lang='lat' dir='ltr'>etiam</span> <span class='ocrx_word' id='word_1_300' title='bbox 705 2150 835 2187; x_wconf 88' lang='lat' dir='ltr'>primum</span> <span class='ocrx_word' id='word_1_301' title='bbox 857 2159 978 2179; x_wconf 86' lang='lat' dir='ltr'>versum</span> <span class='ocrx_word' id='word_1_302' title='bbox 999 2149 1163 2188; x_wconf 84' lang='lat' dir='ltr'>genuinum</span> <span class='ocrx_word' id='word_1_303' title='bbox 1185 2159 1259 2185; x_wconf 87' lang='lat' dir='ltr'>esse,</span> <span class='ocrx_word' id='word_1_304' title='bbox 1282 2148 1362 2186; x_wconf 93' lang='lat' dir='ltr'>quod</span> <span class='ocrx_word' id='word_1_305' title='bbox 1377 2157 1487 2186; x_wconf 80' lang='lat' dir='ltr'>negan-</span> 
     </span>
     <span class='ocr_line' id='line_1_40' title="bbox 188 2195 740 2234; baseline 0.002 -10"><span class='ocrx_word' id='word_1_306' title='bbox 188 2195 259 2224; x_wconf 87' lang='lat' dir='ltr'>dum</span> <span class='ocrx_word' id='word_1_307' title='bbox 281 2197 327 2224; x_wconf 87' lang='lat' dir='ltr'>est</span> <span class='ocrx_word' id='word_1_308' title='bbox 348 2198 474 2233; x_wconf 88' lang='lat' dir='ltr'>propter</span> <span class='ocrx_word' id='word_1_309' title='bbox 496 2197 596 2234; x_wconf 59' lang='grc' dir='ltr'><strong><em>,μέγα</em></strong></span> <span class='ocrx_word' id='word_1_310' title='bbox 618 2196 740 2233; x_wconf 78' lang='grc' dir='ltr'><strong><em>νήπιε.“</em></strong></span> 
     </span>
    </p>

    <p class='ocr_par' dir='ltr' id='par_1_12' title="bbox 188 2237 1489 2324">
     <span class='ocr_line' id='line_1_41' title="bbox 284 2237 1489 2277; baseline -0.002 -9"><span class='ocrx_word' id='word_1_311' title='bbox 284 2240 308 2276; x_wconf 73' lang='lat'>²)</span> <span class='ocrx_word' id='word_1_312' title='bbox 331 2240 368 2269; x_wconf 84' lang='lat' dir='ltr'>cf.</span> <span class='ocrx_word' id='word_1_313' title='bbox 383 2239 421 2268; x_wconf 90' lang='lat' dir='ltr'>A.</span> <span class='ocrx_word' id='word_1_314' title='bbox 439 2240 617 2277; x_wconf 76' lang='lat' dir='ltr'>Striimpell:</span> <span class='ocrx_word' id='word_1_315' title='bbox 642 2239 804 2268; x_wconf 89' lang='lat' dir='ltr'>Lehrbuch</span> <span class='ocrx_word' id='word_1_316' title='bbox 819 2239 873 2268; x_wconf 90' lang='lat' dir='ltr'>der</span> <span class='ocrx_word' id='word_1_317' title='bbox 894 2239 1055 2277; x_wconf 86' lang='lat' dir='ltr'>speciellen</span> <span class='ocrx_word' id='word_1_318' title='bbox 1069 2238 1247 2277; x_wconf 86' lang='lat' dir='ltr'>Pathologie</span> <span class='ocrx_word' id='word_1_319' title='bbox 1262 2237 1323 2266; x_wconf 88' lang='lat' dir='ltr'>und</span> <span class='ocrx_word' id='word_1_320' title='bbox 1339 2237 1489 2274; x_wconf 80' lang='lat' dir='ltr'>Therapie</span> 
     </span>
     <span class='ocr_line' id='line_1_42' title="bbox 188 2283 1247 2324; baseline -0.002 -11"><span class='ocrx_word' id='word_1_321' title='bbox 188 2285 241 2314; x_wconf 91' lang='lat' dir='ltr'>der</span> <span class='ocrx_word' id='word_1_322' title='bbox 261 2285 367 2314; x_wconf 87' lang='lat' dir='ltr'>innern</span> <span class='ocrx_word' id='word_1_323' title='bbox 388 2284 610 2324; x_wconf 81' lang='lat' dir='ltr'>Krankheiten.</span> <span class='ocrx_word' id='word_1_324' title='bbox 651 2284 753 2321; x_wconf 89' lang='lat' dir='ltr'>Leipz.</span> <span class='ocrx_word' id='word_1_325' title='bbox 777 2285 834 2314; x_wconf 85' lang='lat'>189</span> <span class='ocrx_word' id='word_1_326' title='bbox 845 2287 863 2321; x_wconf 76' lang='lat'>5,</span> <span class='ocrx_word' id='word_1_327' title='bbox 885 2284 944 2313; x_wconf 86' lang='lat' dir='ltr'>vol.</span> <span class='ocrx_word' id='word_1_328' title='bbox 967 2283 1019 2312; x_wconf 91' lang='grc' dir='ltr'>ΙΙΙ</span> <span class='ocrx_word' id='word_1_329' title='bbox 1040 2294 1068 2321; x_wconf 88' lang='lat' dir='ltr'>p.</span> <span class='ocrx_word' id='word_1_330' title='bbox 1091 2285 1158 2320; x_wconf 87' lang='grc'>581,</span> <span class='ocrx_word' id='word_1_331' title='bbox 1180 2285 1247 2314; x_wconf 85' lang='lat'>599.</span> 
     </span>
    </p>
   </div>
  </div>
 </body>
</html>
