1770 2769
804 135 1045 169 -19-

374 240 537 275 Tertium
563 239 756 283 oraculum,
784 240 880 285 quod
906 239 1010 276 affert
1028 240 1197 287 Sosicles,
1226 246 1281 277 est
1302 242 1391 277 illud
1411 241 1567 288 Cypselo

276 294 344 342 ipsi
372 294 512 330 datum:

442 354 580 402 ,ὤλβιος
606 352 707 398 οὗτος
732 357 817 404 ἀνὴρ
843 355 880 399 ὅς
907 357 989 402 ἐμὸν
1014 358 1119 402 δόμον
1146 359 1402 404 ἐσκαταβαίνει,

442 410 606 457 Κύψελος
631 406 796 458 Ἠετίδης,
823 411 990 457 βασιλεὺς
1015 412 1168 448 κλειτοῖο
1194 415 1387 462 Κορίνθου,

441 460 549 506 αὐτὸς
574 466 632 499 καὶ
659 464 795 507 παῖδες,
822 465 960 500 παίδων
986 479 1025 511 γε
1049 466 1113 510 μὲν
1140 462 1255 502 οὐκέτι
1281 467 1442 508 παῖδες.“

371 527 552 573 Apertum
579 532 644 572 est,
672 528 761 563 duos
787 529 926 572 priores
951 540 1084 572 versus,
1121 530 1181 574 qui
1214 534 1406 575 tyrannum
1442 541 1564 576 regem

274 582 470 628 appellant,
497 593 568 616 non
588 593 666 617 esse
683 585 789 617 natos
806 586 888 627 post
902 581 1174 628 Cypselidarum
1192 584 1387 619 interitum.
1407 584 1566 629 Tertius,

274 647 379 680 quem
405 635 534 669 falsum
562 646 640 669 esse
666 646 769 669 nemo
798 647 865 669 von
891 635 997 678 videt,
1016 635 1119 670 nobis
1137 637 1172 670 in
1191 637 1399 671 memoriam
1417 640 1566 672 revocat

273 688 362 724 illud
388 688 569 724 oraculum
599 687 695 734 Gygi
721 688 854 734 datum,
881 688 942 724 ubi
968 689 1076 724 etiam
1095 689 1300 734 affirmatur,
1330 690 1436 726 deum
1454 690 1562 726 finem

272 744 374 789 regni
399 744 594 778 amicorum
620 743 844 788 praesciisse.

371 801 502 836 Nonne
530 801 686 846 suspicio
712 805 854 846 promta
881 805 946 846 est,
981 801 1162 836 falsarium
1190 802 1458 848 philodelphum
1485 814 1564 838 esse

275 858 457 890 auctorem
485 855 621 890 oraculi
648 855 684 889 in
712 858 881 890 contextu
907 859 981 890 tam
1007 856 1262 900 supervacanei
1288 855 1428 899 „alerbg
1456 883 1463 890 .
1492 883 1500 890 .
1528 860 1564 890 .“

273 912 309 943 et
325 909 424 943 tertii
441 920 565 943 versus
583 908 719 942 oraculi
746 903 891 953 „b'i‘fflog
917 902 1018 949 οὗτος
1037 936 1044 943 .
1064 935 1072 942 .
1092 908 1150 944 ‚¹⁴2
1176 909 1257 943 Hoc
1275 909 1380 943 modo
1398 909 1564 944 omnibus

271 961 550 1006 monstrabatur,
578 961 684 996 deum
710 973 780 996 non
809 962 961 997 amicum
978 961 1087 997 fuisse
1105 963 1299 997 invisorum
1317 966 1563 1008 tyrannorum,

271 1016 377 1050 immo
418 1019 544 1050 contra
582 1015 762 1051 studuisse
802 1028 895 1057 eum,
933 1020 974 1050 ut
1011 1016 1207 1061 periculum
1247 1016 1291 1051 ab
1331 1016 1564 1061 optimatibus

266 1069 497 1114 vpropulsaret
523 1072 559 1104 et
584 1069 716 1104 dixisse
743 1081 822 1103 eum
849 1070 920 1104 iam
947 1068 1102 1115 Cypselo
1128 1081 1198 1105 non
1226 1070 1458 1115 longinquum
1485 1069 1562 1105 fore

270 1126 503 1168 tyrannorum
521 1123 720 1168 imperium.
748 1123 859 1158 Haud
882 1124 1008 1158 inscite
1026 1123 1073 1158 ad
1092 1136 1156 1159 sua
1174 1124 1405 1169 propaganda
1423 1124 1559 1169 Delphi

270 1176 325 1211 usi
352 1180 435 1211 sunt
459 1176 580 1211 fabula
606 1188 627 1211 a
655 1176 856 1222 Cypselidis
891 1177 979 1221 ipsis
1011 1177 1252 1222 comprobata,
1287 1189 1378 1222 quae
1412 1181 1488 1212 tum
1523 1177 1559 1211 in

271 1230 426 1264 omnium
454 1241 515 1265 ore
543 1232 664 1272 erat.¹)

365 1544 388 1579 ¹)
410 1542 606 1580 Schubringii
627 1543 663 1571 de
685 1542 731 1571 his
753 1542 841 1571 rebus
863 1542 966 1579 opinio
988 1544 1042 1578 est,
1070 1551 1240 1579 repugnare
1262 1542 1415 1570 oraculum
1439 1544 1561 1578 „atsteig

267 1589 302 1615 ἐν
322 1589 452 1626 πέτρῃσι
475 1588 560 1615 κύει“
584 1586 694 1623 priori3
725 1596 785 1615 non
805 1589 908 1615 tamen
935 1586 1122 1614 diversorum
1151 1589 1307 1614 auctorum
1336 1585 1389 1614 sed
1418 1586 1560 1614 falsitatis

268 1631 385 1668 signum
406 1630 437 1658 id
459 1640 532 1659 esse.
574 1630 618 1659 De
639 1630 721 1659 fonte
737 1630 884 1659 Herodoti
905 1629 978 1659 dicit
1000 1633 1039 1667 (p.
1062 1631 1125 1668 61);
1149 1632 1311 1667 „exegetae
1331 1632 1362 1658 et
1382 1629 1480 1658 theori
1496 1630 1560 1658 sine

266 1675 358 1704 dubio
372 1675 463 1704 etiam
479 1674 614 1703 Corinthi
635 1676 728 1711 erant⁷
750 1675 816 1710 etsi,
838 1676 964 1712 excepto
979 1674 1129 1711 Polyaeno
1145 1674 1182 1702 V.
1198 1675 1245 1708 31,
1265 1683 1413 1711 nusquam
1428 1683 1559 1703 comme-

265 1722 430 1749 morantur.
481 1719 525 1747 Hi
546 1719 690 1755 homines,
719 1719 770 1756 qui
791 1728 860 1747 cum
881 1718 1034 1756 Delphicis
1056 1718 1174 1747 vatibus
1197 1718 1435 1746 coniunctissimi
1464 1721 1560 1753 erant,

266 1772 326 1792 una
346 1773 414 1792 cum
436 1763 478 1792 eis
499 1763 574 1792 haec
596 1763 655 1792 duo
676 1763 798 1791 oracula
818 1765 893 1797 tum,
921 1772 990 1792 cum
1011 1762 1238 1800 Cypselidarum
1264 1762 1400 1800 tyrannis
1421 1762 1556 1790 nondum

266 1807 446 1843 conciderat,
467 1807 590 1844 finxere,
610 1809 780 1845 propterea,
801 1810 835 1836 ut
854 1810 1052 1844 tyrannorum
1073 1807 1350 1844 potentissimorum
1372 1806 1501 1844 gratiam
1524 1816 1560 1835 ac

264 1851 399 1881 favorem
420 1852 476 1880 sibi
499 1855 717 1889 compararent,
746 1852 941 1889 popularibus
964 1853 1065 1880 autem
1086 1861 1146 1880 non
1167 1851 1230 1879 sine
1251 1851 1299 1879 dei
1321 1851 1433 1879 auxilio
1454 1854 1560 1887 tyran-

265 1905 337 1924 num
357 1896 470 1924 divitiis
492 1898 522 1924 et
543 1896 650 1933 opibus
680 1896 832 1924 valentem
861 1904 899 1923 ex
926 1895 1109 1924 obscuritate
1136 1894 1174 1922 ad
1200 1897 1317 1922 tantam
1347 1894 1560 1923 claritudinem

265 1939 434 1968 ascendisse
455 1940 676 1969 ostenderent.“
727 1938 859 1968 Versum
883 1941 897 1969 1
920 1942 951 1968 et
976 1941 993 1969 2
1020 1939 1133 1967 oraculi
1156 1940 1274 1975 „aletog
1296 1941 1331 1967 ἐν
1353 1961 1358 1966 .
1383 1961 1389 1966 .
1413 1940 1437 1966 .“
1470 1941 1560 1967 natos

264 1993 329 2012 esse
350 1986 437 2021 putat
458 1987 528 2013 ante
549 1985 567 2014 3
589 1986 619 2012 et
639 1984 667 2020 4,
698 1983 779 2020 quod
808 1983 852 2012 illi
874 1983 905 2011 in
934 1983 1107 2021 anthologia
1137 1981 1230 2020 (XIV
1252 1983 1304 2017 87)
1336 1983 1391 2011 soli
1425 1992 1558 2011 comme-

263 2030 460 2056 morarent-ur.
511 2028 580 2056 Hoc
602 2028 746 2057 indicium
767 2027 841 2056 mihi
869 2037 929 2056 non
958 2027 1075 2063 sufficit,
1107 2036 1177 2055 nam
1209 2035 1247 2054 ex
1278 2026 1429 2055 Herodoti
1461 2026 1557 2063 ipsius

262 2070 346 2100 libris
367 2072 417 2100 illa
438 2072 629 2101 oraculorum
652 2071 790 2101 collectio
811 2074 956 2108 excerpta
977 2075 1032 2100 est.

360 2116 455 2145 Tertii
475 2116 589 2146 oraculi
610 2126 714 2145 versus
736 2115 852 2153 priores
874 2115 1001 2153 Cypselo
1023 2115 1110 2144 datos
1138 2125 1203 2144 esse
1231 2117 1328 2152 putat,
1361 2114 1471 2144 deinde
1503 2114 1560 2144 sub

262 2159 419 2189 Periandri
449 2161 576 2198 imperio
612 2161 792 2190 accessisse:
829 2162 939 2197 ,αὐτὸς
974 2162 1026 2189 καὶ
1063 2160 1198 2196 παῖδες,“
1236 2162 1305 2196 post
1340 2159 1560 2188 Psammetichi

260 2206 389 2233 mortem
412 2206 553 2238 „waldum
574 2217 608 2244 γε
629 2207 690 2243 μὲν
710 2207 813 2233 οὐκέτι
836 2205 973 2241 παῖδες-Ἀ*
996 2204 1085 2233 Hanc
1107 2213 1211 2232 versus
1232 2203 1415 2232 divisionem
1436 2203 1559 2232 firmare

262 2248 363 2278 studet
382 2249 486 2278 Dionis
509 2248 716 2287 Chrysostomi
735 2249 801 2278 loco
824 2251 879 2286 (or.
892 2247 1053 2277 XXXVII
1074 2258 1104 2286 p.
1120 2248 1202 2286 456),
1224 2248 1275 2276 ubi
1297 2248 1390 2277 verba
1416 2249 1561 2285 „waldon

261 2304 296 2330 γε
316 2295 377 2331 μὲν
398 2296 501 2322 οὐκέτι
524 2295 649 2330 παῖδες“
673 2294 862 2322 omittuntur.
886 2293 989 2322 Verba
1008 2292 1137 2322 rhetoris
1159 2293 1248 2329 primi
1270 2303 1298 2329 p.
1315 2292 1368 2322 Ch.
1390 2303 1419 2320 n.
1442 2293 1557 2322 saeculi

260 2346 321 2364 non
341 2337 384 2365 ita
404 2341 530 2374 possunt
551 2338 656 2375 premi.
