1770 2769
757 189 998 222 -51-

232 295 413 340 Apollinis
440 293 607 338 Delphici
632 304 821 337 personam
849 297 1007 339 gerente.
1060 292 1217 329 Credere
1253 306 1324 329 non
1357 306 1516 340 possum,

232 349 314 384 libri
347 347 507 383 historici
541 350 725 382 auctorem
760 347 980 392 excogitasse
1015 347 1171 392 ineptam
1203 348 1295 383 hanc
1322 348 1517 384 diversissi—

231 414 368 437 morum
395 401 693 443 coniunctionem,
730 411 812 434 nam
839 399 972 444 Pythia
1008 412 1199 444 numquam
1233 413 1332 435 more
1360 400 1516 446 Sibyllae

232 462 337 491 caeco
374 454 510 499 impetu
536 452 634 488 nullo
661 452 869 489 consulente
897 453 1092 489 vaticinata
1118 458 1183 489 est.
1234 454 1375 490 Auctor
1400 455 1517 491 Hero-

231 509 305 544 doti
319 507 571 553 philodelphus
584 507 743 551 profecto
758 507 866 541 talem
881 519 956 541 rem
968 507 1012 541 ab
1024 519 1091 541 usu
1100 507 1252 552 Pythico
1265 508 1517 543 abhorrentem

229 573 299 596 non
333 560 477 595 invenit.
531 558 698 594 Ceterum
733 559 825 595 hanc
857 560 1098 594 narrationem
1125 561 1158 595 ei
1188 561 1295 596 etiam
1320 566 1513 607 propterea

234 627 306 651 non
332 614 461 655 tribuo,
489 613 586 659 quod
612 614 801 649 commenti
827 613 908 649 finis
935 614 1178 659 apologeticus
1203 627 1274 649 non
1300 619 1450 661 apparet
1482 620 1518 650 et

231 668 326 714 quod
352 664 562 702 Herodotus
589 679 661 702 non
687 667 873 708 intellexit,
901 667 985 712 quid
1014 668 1080 701 sibi
1107 668 1213 702 vellet
1242 669 1357 713 prima
1382 668 1517 703 oraculi

230 734 326 768 pars.
378 721 434 756 Ex
473 720 570 755 fonte
611 721 705 756 enim
743 720 974 766 philodelpho
1001 721 1210 757 Herodotus
1244 734 1384 767 semper
1409 722 1516 758 etiam

230 777 374 811 haurire
402 779 545 820 poterat
571 775 797 811 oraculorum
823 776 1166 820 interpretationem,
1203 787 1282 810 cum
1321 781 1515 818 auctorem,

231 830 288 864 cui
313 828 380 863 hoc
407 828 591 862 oraculum
618 828 784 872 debebat,
813 828 1084 872 explicationem
1113 830 1273 863 oratione
1301 829 1417 864 soluta
1444 841 1515 863 non

230 882 411 917 addidisse
445 881 671 916 manifestum
705 881 762 916 sit.
814 881 1056 917 Immiscuisse
1083 882 1222 917 videtur
1247 882 1516 918 alliciendorum

230 936 419 972 stultorum
445 936 626 971 hominum
653 947 761 971 causa
779 935 932 971 oraculis
950 936 1110 971 obscuris
1127 937 1207 972 usui
1225 937 1411 972 destinatis
1427 949 1515 972 non-

230 990 345 1025 nullas
360 990 633 1024 vaticinationes
650 990 697 1023 ad
713 990 918 1024 notissimas
936 993 1136 1034 temporum
1154 992 1430 1035 praeteritorum
1445 1002 1513 1034 res,

230 1043 327 1078 velut
353 1043 471 1078 Mileti
507 1043 819 1089 expugnationem,
854 1043 1084 1089 pertinentes,
1121 1055 1211 1089 quae
1239 1044 1313 1079 sine
1343 1045 1516 1090 interpre-

229 1098 363 1133 tatione
390 1097 492 1133 facile
526 1097 686 1144 intellegi
720 1101 896 1143 poterant.
907 1097 928 1142 ι)
979 1098 1155 1133 Benedict
1180 1099 1227 1143 (p.
1253 1101 1273 1133 5
1298 1099 1365 1144 sq.)
1393 1104 1517 1134 contra

230 1151 446 1186 Schoellium
473 1151 522 1197 (p.
545 1152 614 1196 61),
646 1153 706 1196 qui
733 1152 868 1196 primus
896 1164 939 1186 ex
966 1152 1121 1186 carmine
1148 1152 1425 1197 chresmologico
1452 1153 1516 1186 hos

228 1239 335 1277 loquor
362 1239 400 1268 de
421 1239 549 1268 oraculis
570 1239 717 1278 genuinis,
747 1249 823 1277 quae
846 1249 863 1268 a
891 1240 1117 1278 magistratibus
1140 1240 1402 1270 conservabantur.
1438 1240 1515 1269 Puto

229 1284 380 1313 exstitisse
401 1284 492 1313 etiam
513 1283 651 1313 fictorum
672 1285 860 1313 oraculorum
881 1284 1110 1321 Apollineorum
1132 1294 1266 1321 corpora.
1296 1284 1399 1313 Talem
1413 1294 1515 1313 oracu-

228 1328 324 1355 lorum
338 1328 545 1356 collectionem
566 1328 657 1356 fuisse
671 1330 745 1365 puto
767 1337 843 1364 eam,
865 1328 949 1357 cuius
964 1328 1147 1356 mentionem
1162 1328 1234 1356 facit
1255 1328 1318 1365 ipse
1332 1327 1516 1364 Herodotus,

228 1371 279 1400 ubi
300 1373 402 1400 narrat
423 1371 461 1401 de
482 1371 637 1409 Spartanis
652 1371 860 1401 Pisistratidas
880 1372 1024 1401 reducere
1039 1372 1234 1401 conantibus:
1259 1374 1281 1402 V
1302 1373 1340 1403 90
1361 1372 1409 1409 (cf.
1431 1372 1448 1401 1
1469 1373 1515 1403 64.

227 1416 266 1445 V.
288 1417 334 1446 93.
363 1415 440 1445 VIII
466 1417 546 1454 141.)
568 1418 612 1445 ἔτι
634 1428 664 1445 τε
686 1418 765 1455 πρὸς
786 1419 921 1445 τούτοισι
943 1419 1058 1454 ἐνῆγόν
1078 1427 1175 1455 σφεας
1197 1416 1474 1453 (Lacedaemonios)
1486 1419 1515 1445 οἱ

228 1462 365 1498 χρησμοὶ
387 1460 533 1497 λέγοντες
557 1460 667 1488 πολλά
689 1471 719 1488 τε
744 1462 796 1488 καὶ
818 1462 953 1498 ἀνάρσια
975 1460 1105 1488 ἔσεσθαι
1126 1462 1246 1488 αὐτοῖσι
1268 1462 1302 1496 ἐξ
1324 1460 1515 1497 Ἀθηναίων,

228 1507 289 1531 τῶν
309 1505 462 1542 πρότερον
474 1505 536 1542 μὲν
550 1505 630 1542 ἦσαν
643 1504 760 1540 ἀδαέες,
777 1506 841 1532 τότε
857 1504 890 1532 δὲ
904 1504 1108 1542 Κλεομένεος
1122 1506 1309 1542 κομίσαντος
1323 1506 1354 1540 ἐς
1368 1505 1517 1542 Σπάρτην

228 1547 396 1586 ἐξέμαθον.
419 1549 566 1585 ἐκτήσατο
589 1548 621 1577 δὲ
644 1551 660 1577 ὁ
674 1548 865 1587 Κλεομένης
887 1550 921 1576 ἐκ
944 1552 996 1585 τῆς
1017 1548 1202 1586 Ἀθηναίων
1228 1548 1421 1586 ἀκροπόλιος
1447 1550 1516 1584 τοὺς

227 1593 397 1630 χρησμούς,
420 1593 490 1627 τοὺς
511 1593 637 1630 ἔκτηντο
657 1594 718 1630 μὲν
739 1594 892 1631 πρότερον
912 1594 941 1620 οἱ
974 1589 1239 1630 Πεισιστρατίδαι,
1271 1592 1515 1629 ἐξελαυνόμενοι

229 1635 261 1663 δὲ
291 1635 407 1664 ἔλιπον
435 1638 470 1664 ἐν
498 1640 537 1673 τῷ
565 1639 630 1675 ἱρῷ,
661 1636 933 1675 καταλειφθέντας
962 1636 995 1665 δὲ
1022 1638 1038 1665 ὁ
1063 1636 1252 1674 Κλεομένης
1277 1636 1440 1672 ‹ivfflassef
1483 1635 1515 1665 Si

227 1678 351 1708 Musaeo
373 1683 424 1708 aut
444 1680 549 1709 Bacidi
570 1681 644 1709 haec
666 1681 787 1709 oracula
803 1681 933 1718 ascripta
953 1683 1063 1717 essent,
1084 1680 1258 1709 Herodotus
1276 1681 1338 1709 sine
1359 1680 1449 1708 dubio
1463 1690 1514 1708 no-

227 1732 294 1751 men
324 1724 455 1752 auctoris
476 1734 535 1753 non
561 1724 678 1753 silentio
699 1724 896 1761 praeteriret:
919 1734 986 1753 cum
1008 1724 1046 1753 de
1067 1724 1210 1753 chresmis
1234 1725 1298 1753 κατ’
1313 1726 1426 1761 ἑξοχήν
1447 1734 1515 1761 aga-

227 1769 285 1803 tur,
305 1767 417 1804 Apollo
438 1770 521 1796 vates
544 1768 609 1797 uat'
632 1770 747 1806 ἐξοχήν
767 1770 871 1797 auctor
891 1777 956 1797 esse
977 1768 1104 1797 videtur.
1126 1768 1341 1804 Pisistratidae,
1363 1768 1422 1796 iam
1437 1768 1515 1805 quod

227 1810 334 1848 Delphi
365 1811 407 1840 eis
429 1812 608 1849 iniquissimi
630 1815 724 1849 erant,
753 1813 908 1849 possidere
930 1812 1080 1841 debebant
1100 1813 1191 1841 talem
1214 1813 1400 1841 oraculorum
1422 1812 1515 1848 Apol-

227 1854 373 1883 lineorum
394 1856 577 1892 thesaurum,
600 1857 683 1884 cuius
698 1856 871 1885 testimonia
891 1856 1051 1893 implorare
1072 1858 1211 1893 poterant
1226 1856 1264 1884 ad
1284 1856 1399 1883 animos
1420 1856 1515 1883 Athe-

226 1898 383 1935 niensium,
405 1900 454 1936 qui
476 1900 605 1928 oraculis
626 1900 778 1937 Delphicis
800 1900 956 1929 malevolis
977 1900 1076 1928 territi
1093 1902 1186 1934 erant,
1208 1899 1379 1927 firmandos.
1420 1898 1516 1927 Erant

227 1942 305 1970 enim
330 1943 413 1980 paria
435 1944 615 1973 auctoritate
638 1944 787 1982 Apollinis
809 1944 937 1973 oraculis
968 1953 1028 1973 non
1052 1943 1170 1973 Musaei
1195 1944 1328 1972 carmina
1351 1943 1402 1972 sed
1423 1943 1515 1981 ipsius

226 1987 344 2015 tantum
359 1987 406 2016 dei
421 1998 563 2025 responsa
578 1989 755 2025 antiquiora.
776 1988 879 2017 Etiam
894 1989 1096 2026 fragmentum
1118 1988 1190 2016 illud
1211 1988 1404 2024 Euripideum
1427 1997 1515 2024 saepe

229 2030 381 2059 laudatum
404 2037 433 2066 (e
457 2031 618 2062 Plisthene.
641 2031 677 2060 fr.
700 2033 792 2070 6⁸29J:

522 2078 621 2113 „elolv
649 2078 708 2116 γὰρ
737 2078 798 2106 εἰσὶ
809 2077 960 2116 διφθέραι
986 2077 1220 2116 μελεγγραφεῐς

519 2121 655 2149 πολλῶν
676 2123 829 2159 γέμουσαι
851 2121 969 2158 Λοξίου
992 2122 1218 2160 κηρυγμάτων“

225 2165 350 2200 propter
370 2164 580 2202 grandidatem
600 2164 761 2193 verborum
789 2174 850 2193 non
870 2164 908 2193 de
929 2165 1057 2202 simplici
1079 2164 1255 2193 collectione
1276 2164 1418 2199 omnium,
1440 2173 1516 2200 quae

226 2207 340 2236 civitati
360 2207 431 2236 data
452 2211 546 2245 erant,
568 2208 766 2244 oraculorum,
792 2209 845 2237 sed
865 2208 902 2237 de
930 2218 1040 2237 arcano
1064 2209 1141 2236 libro
1169 2217 1256 2245 agere
1278 2207 1406 2243 videtur,
1440 2207 1515 2235 Pisi-

225 2251 420 2280 stratidarum
441 2252 484 2280 illi
505 2252 664 2281 simillimo.
700 2251 769 2281 Hae
799 2252 986 2291 „dtoeffl‘past
1018 2251 1215 2281 conferendae
1236 2254 1304 2280 sunt
1325 2261 1393 2280 cum
1415 2251 1516 2288 „'Em·

224 2295 385 2332 μενίόειον
416 2296 544 2336 ὁέρμα“,
574 2296 611 2325 de
643 2306 700 2333 quo
732 2296 826 2325 verba
855 2295 928 2325 facit
962 2296 1044 2325 Diels
1077 2296 1168 2334 (Berl.
1203 2295 1404 2333 Sitzungsber.
1440 2296 1515 2325 1891

225 2348 252 2374 p.
274 2340 356 2377 399.)

325 2383 348 2419 l)
371 2383 408 2412 de
429 2384 485 2413 hoc
508 2384 634 2413 artificio
656 2384 694 2413 cf.
711 2384 819 2414 Dieles.
841 2385 859 2413 1.
882 2385 901 2413 l.
923 2394 951 2422 p.
974 2386 1040 2415 397.
