1770 2769
189 209 261 242 265
289 205 358 252 sq.)
386 206 475 241 effici
502 210 617 251 putat,
644 206 873 241 Herodotum
907 207 1023 252 ipsum
1054 219 1126 241 non
1157 207 1351 242 credidisse
1385 207 1482 242 illam

187 262 432 305 narrationem
470 260 569 296 VIII
596 262 739 296 35—39
780 261 968 306 prolatam.
1032 259 1198 306 Busolt1)
1237 265 1363 296 contra
1402 273 1482 296 eum

188 315 360 360 disputat,
387 314 484 359 quod
510 326 582 349 non
608 314 738 349 dixerit
755 314 980 359 Mardonius,
998 314 1130 349 Persas
1156 314 1207 348 nil
1234 318 1359 349 contra
1377 315 1482 350 deum

189 369 390 414 suscepisse
417 368 480 403 sed
505 368 556 402 nil
583 380 643 403 eos
675 372 904 414 suscepturos
936 380 1025 404 esse.
1089 367 1193 402 Haec
1231 380 1269 402 re
1309 380 1393 403 vera
1431 369 1482 403 ita

187 433 282 456 nunc
317 434 354 456 se
392 421 527 456 habent
565 433 680 466 neque
719 425 840 456 tamen
879 433 1019 467 semper
1058 433 1095 456 se
1134 421 1325 456 habebant.
1389 421 1482 457 Mihi

188 475 391 511 futurorum
418 477 546 520 ,,ἰ’μεν“
573 479 610 510 et
645 473 973 524 ,,ἑπιχειρῆσομεν“
1005 479 1131 510 auctor
1161 474 1372 511 Herodotus
1405 476 1481 522 ipse

188 529 296 564 fuisse
325 530 474 572 videtur,
512 530 573 574 qui
608 529 777 564 studebat
811 529 879 564 hoc
914 530 1018 564 modo
1053 529 1225 574 adaptare
1259 529 1482 564 historiolam

188 583 250 627 eis,
278 595 369 628 quae
397 587 504 618 antea
531 583 574 618 de
602 583 795 618 Persarum
828 583 1054 629 expeditione
1089 587 1214 618 contra
1248 583 1353 618 deum
1386 583 1481 618 facta

187 642 409 673 narraverat.
474 637 558 672 Non
585 649 674 682 opus
703 641 789 681 erat,
829 649 909 672 cum
942 638 1013 672 iam
1048 640 1222 672 statutum
1257 641 1351 671 esset
1385 637 1481 682 apud

187 691 297 726 duces
324 691 486 736 proximo
513 691 569 725 die
598 691 887 726 committendam
911 702 990 726 esse
1007 703 1173 736 pugnam,
1193 691 1239 725 ad
1257 689 1481 726 Graecorum

186 746 443 790 imperatorum
475 745 612 779 animos
644 744 907 779 confirmandos
939 745 1112 790 promisso
1150 743 1256 786 „ob‘re
1288 746 1368 789 ἰ’μεν
1398 743 1480 780 οὔτε

186 796 503 846 ἐπιχειρήσομεν.“
570 799 649 843 Ego
690 799 986 843 exspectaverim:
1030 810 1146 843 neque
1188 799 1324 842 ivimus,
1364 810 1479 843 neque

187 852 305 887 conati
333 864 466 886 sumus.
522 851 672 886 Minime
700 863 846 886 necesse
873 856 961 896 erat,
988 851 1219 886 Mardonium
1246 851 1374 895 dicere,
1403 863 1480 886 sese

186 906 248 940 illa
286 911 390 940 nocte
422 909 506 940 ante
537 917 739 950 supremam
770 909 879 951 atque
909 906 1099 940 maximam
1130 918 1295 950 pugnam,
1334 906 1371 939 in
1410 918 1481 950 qua

188 972 325 994 summa
364 959 449 994 belli
492 959 714 1003 versabatur,
759 959 940 1004 Apollinis
984 959 1152 1005 Delphici
1196 959 1368 1004 templum
1407 971 1477 994 non

187 1014 423 1058 spoliaturum
451 1025 539 1050 esse.

286 1066 388 1102 Vidit
421 1066 562 1111 Busolt,
599 1066 782 1100 Mardonii
821 1066 1086 1111 apophthegma
1133 1066 1271 1112 signum
1319 1066 1479 1101 veritatis

186 1120 320 1155 habere
347 1119 443 1154 haud
479 1120 688 1154 obscurum:
726 1120 909 1154 oraculum
943 1123 1071 1154 eventu
1105 1131 1177 1154 non
1214 1120 1477 1164 comprobatur.

185 1173 316 1208 Audeo
343 1173 453 1218 igitur
479 1173 587 1207 etiam
618 1173 686 1207 hac
720 1173 991 1207 narratiuncula
1024 1173 1076 1207 uti
1110 1177 1319 1217 argumento
1354 1177 1479 1207 contra

186 1228 373 1262 veritatem
413 1227 582 1272 omnium,
618 1238 709 1272 quae
744 1226 843 1262 VIII
879 1228 1022 1262 35—39
1057 1231 1260 1262 narrantur.
1321 1227 1379 1261 De
1413 1226 1479 1262 hac

186 1281 364 1316 sententia
401 1281 564 1315 Pomtow
607 1293 662 1315 me
705 1293 776 1316 non
820 1281 976 1326 deducit,
1019 1281 1079 1325 qui
1123 1280 1247 1315 scribit
1288 1281 1338 1325 (p.
1374 1281 1476 1325 251):

186 1362 205 1379 „
223 1361 230 1368 .
260 1363 267 1370 .
297 1363 304 1370 .
346 1334 472 1368 darum
511 1346 583 1368 war
622 1346 659 1368 es
694 1334 752 1368 fiir
786 1333 996 1368 Herodotus
1031 1334 1234 1379 personlich
1269 1334 1362 1368 auch
1396 1333 1479 1368 kein

185 1387 459 1432 XViderspruch,
488 1387 557 1422 den
584 1387 792 1433 persischen
818 1387 1022 1422 Feldherrn
1049 1387 1252 1422 versichern
1277 1400 1321 1422 zu
1347 1388 1475 1431 lassen,

185 1442 247 1486 sie,
284 1442 317 1476 d.
346 1442 378 1475 h.
408 1441 465 1475 die
491 1441 806 1485 Reprasentanten
834 1441 898 1475 der
924 1440 1065 1484 Perser,
1101 1441 1245 1475 Xerxes
1280 1441 1353 1475 und
1379 1441 1476 1475 Mar-

185 1494 322 1539 donios,
358 1495 619 1529 unternahmen
656 1494 796 1529 officiell
831 1494 934 1529 keine
961 1494 1156 1540 Epedition
1190 1494 1281 1529 nach
1308 1494 1476 1540 Delphoi‚

185 1548 279 1583 deun
322 1549 443 1594 jenem
486 1548 663 1593 Raubzug
711 1560 780 1583 von
828 1548 1056 1583 Pliinderern
1104 1548 1177 1582 und
1225 1548 1476 1593 Nachziiglern

183 1601 382 1636 brauchten
409 1602 471 1646 sie,
499 1601 611 1636 selbst
637 1613 737 1636 wenn
764 1614 803 1636 er
828 1602 937 1636 ibnen
963 1614 1006 1636 zu
1025 1600 1149 1637 Ohren
1167 1601 1376 1647 gekommen
1395 1614 1476 1647 war,

183 1655 355 1691 keinerlei
371 1655 585 1701 Beachtung
611 1655 741 1702 gezollt
766 1656 840 1691 und
866 1656 928 1691 11111
953 1656 1053 1691 nicht
1076 1655 1138 1691 des
1157 1655 1372 1691 Aufhebens
1392 1660 1478 1692 wert

183 1711 350 1755 geachtet
388 1723 431 1744 zu
470 1710 623 1746 haben.“
688 1710 749 1754 At,
790 1722 869 1744 cum
909 1710 953 1744 de
993 1710 1086 1744 bello
1126 1710 1241 1754 quinti
1275 1722 1306 1746 a.
1343 1709 1408 1745 Ch.
1441 1723 1475 1746 n.

183 1763 316 1798 saeculi
343 1767 482 1809 agatur,
509 1775 581 1797 non
600 1763 683 1798 licet
701 1764 920 1808 distinguere
939 1764 1033 1798 inter
1050 1763 1191 1807 milites,
1211 1764 1271 1808 qui
1290 1763 1476 1807 „officiell“

183 1817 428 1861 expeditiones
455 1817 656 1862 suscipiunt
683 1821 719 1851 et
762 1817 844 1859 „ein
883 1817 1162 1851 betrachtlicher
1188 1816 1310 1851 Haufe
1348 1817 1477 1852 barba-

182 1870 325 1904 rischen
352 1869 557 1914 Gesindels,
585 1869 787 1904 Pliinderer
813 1870 886 1904 und
912 1870 1155 1904 Marodeure“
1171 1870 1221 1915 (p.
1238 1871 1337 1916 250).
1364 1871 1477 1905 Exer-

148 1943 150 1946 <
183 1924 275 1958 citus
310 1924 370 1958 ille
404 1923 573 1958 Persicus
612 1935 684 1959 non
717 1924 903 1959 institutus
939 1927 1017 1958 erat
1051 1923 1239 1969 disciplina
1271 1923 1475 1959 Borussica.

281 2030 306 2066 1)
330 2029 382 2058 112
412 2030 479 2060 690.
530 2029 668 2058 Pomtow
702 2030 745 2066 (p.
773 2031 831 2060 248
858 2031 916 2068 sq.)
948 2030 1075 2059 Busoltii
1104 2033 1314 2068 argumentum
1346 2031 1476 2067 appellat

182 2073 489 2110 γ,86116111311611116111,”ι
512 2083 583 2102 nam
603 2075 657 2109 „za
679 2074 875 2113 πειρηθῆναι
904 2078 958 2103 τοῦ
986 2074 1066 2103 θεοῦ
1098 2076 1150 2103 καὶ
1180 2076 1213 2103 τὸ
1244 2079 1375 2111 ποιῆσαι
1407 2076 1477 2103 ἴσον

181 2117 361 2146 δύνασθαιΗ
391 2117 540 2146 creditum
561 2126 627 2146 esse
648 2127 665 2145 a
686 2118 742 2154 piis
763 2117 889 2146 Graecis
911 2120 941 2146 et
971 2118 1008 2146 ab
1030 2117 1199 2155 Herodoto,
1230 2118 1280 2155 pio
1311 2123 1475 2147 narratore.

181 2160 256 2189 Tam
278 2160 374 2189 facilis
398 2161 524 2189 Busoltii
545 2161 686 2190 refutatio
707 2171 768 2190 non
789 2164 843 2191 est.
895 2161 956 2190 Hic
977 2161 1057 2190 enim
1078 2161 1156 2190 ratio
1177 2171 1238 2190 nou
1266 2161 1405 2191 habenda
1431 2165 1476 2190 est

181 2205 329 2242 opinionis
361 2204 497 2234 Graecae
528 2209 559 2234 et
590 2205 784 2234 Herodoteae
816 2206 868 2235 sed
900 2205 1128 2242 Mardonianae,
1158 2208 1197 2242 et,
1229 2215 1283 2234 cur
1314 2205 1475 2235 Mardonio

179 2252 335 2285 respectus
356 2249 436 2278 illius
457 2258 495 2277 ne
517 2252 607 2286 aptae
629 2249 750 2286 quidem
778 2249 848 2278 huic
876 2250 943 2278 loco
977 2250 1146 2278 sententiae
1177 2249 1354 2278 tribuendus
1387 2254 1475 2287 esset,

180 2302 269 2320 causa
290 2302 349 2321 non
371 2293 520 2322 exstabat.
1427 2306 1430 2309 ⁴
