1770 2769
745 103 989 137 „28—

214 210 364 253 strandi,
393 210 499 245 deum
524 209 787 255 praescientem
813 209 1009 245 amicorum
1034 210 1218 245 interitum
1239 221 1301 244 eos
1320 209 1363 244 de
1382 209 1511 245 futuris

213 276 285 299 non
313 264 461 299 celasse.
489 263 573 299 Non
592 263 739 298 nimium
757 274 814 298 me
833 263 1050 299 contendere
1077 267 1175 309 puto,
1204 275 1284 298 cum
1310 264 1418 299 etiam
1444 263 1512 299 hoc

214 318 400 353 oraculum
439 318 483 352 de
524 321 605 352 octo
645 317 826 352 Battiadis
867 317 990 352 datum
1029 330 1109 353 cum
1146 321 1250 363 parte
1292 318 1511 352 adhaerente

214 372 353 406 auctori
380 370 614 416 philodelpho
641 371 830 415 assignem.
883 371 1112 407 Herodotum
1137 371 1256 416 ipsum
1281 382 1339 406 res
1358 371 1512 416 Delphis

214 425 356 460 auditas
400 424 667 460 narrationibus
712 423 980 470 Cyrenensibus
1024 425 1285 460 contaminasse
1337 425 1511 460 existimo.

214 479 374 514 Facilius
402 480 495 514 enim
521 483 576 514 est
603 479 769 523 scriptori
796 479 978 523 historico,
1019 491 1124 524 quem
1158 480 1229 514 iam
1254 482 1362 514 antea
1387 479 1424 514 in
1449 479 1513 513 im-

213 533 404 568 miscendis
439 532 718 567 narratiunculis
752 531 993 577 philodelphis
1020 532 1330 579 deprehendimus,
1371 532 1512 577 culpam

214 586 302 621 dare
329 586 642 621 contaminationis
670 597 777 630 quam
802 586 956 621 testibus
984 587 1059 621 eius
1085 586 1330 632 popularibus.

311 640 453 684 Restat,
482 651 706 684 quaeramus,
734 643 855 674 utrum
881 651 965 684 pars
983 640 1025 674 II
1052 652 1098 674 an
1124 652 1208 685 pars
1226 640 1289 674 III
1307 639 1352 674 ab
1376 639 1511 684 origine

214 695 407 728 coniuncta
434 694 480 728 sit
507 705 586 728 cum
612 697 715 738 parte
742 693 773 729 Ι.
801 692 887 727 Meo
914 694 1059 738 quidem
1084 694 1215 729 iudicio
1235 706 1254 729 e
1273 705 1311 728 re
1330 697 1408 728 erat
1435 705 1513 728 ora-

213 748 285 782 culi
312 747 482 792 Delphici
508 750 590 792 post
616 746 806 782 Battiadas
834 747 1001 792 expulsos
1028 747 1134 793 vulgo
1162 747 1269 791 credi,
1305 747 1355 782 eis
1390 759 1411 782 a
1445 747 1512 782 deo

214 802 350 836 frustra
390 801 615 836 clementiam
655 800 939 836 commendatam
978 813 1067 846 esse,
1107 813 1189 846 non,
1229 802 1334 836 deum
1370 801 1514 836 Arcesi-

214 856 286 890 lam
312 855 375 890 111
402 855 547 890 oraculo
575 866 718 890 servare
745 854 910 890 voluisse.
950 855 1057 890 Hanc
1094 856 1139 891 ob
1166 868 1241 891 rem
1266 859 1363 901 puto,
1399 855 1513 901 philo-

214 910 385 954 delphum
423 909 559 944 fontem
597 909 806 953 praebuisse
845 913 986 953 partem
1021 910 1041 944 Ι
1068 914 1105 944 et
1130 910 1182 954 II,
1222 922 1293 944 non
1328 910 1348 943 Ι
1374 913 1411 944 et
1435 909 1510 943 III.

214 962 380 1004 Accedit,
420 962 515 1007 quod
556 973 639 1007 pars
666 962 740 1005 ΙΙΙ,
770 973 862 1007 quae
889 966 945 997 est
984 962 1028 997 de
1067 962 1274 998 circumflua
1312 962 1373 997 illa
1408 962 1512 997 nobis

214 1020 323 1061 atque
350 1016 501 1050 fortasse
529 1016 637 1050 etiam
664 1015 854 1050 Herodoto
881 1016 1145 1060 obscurissima,
1174 1015 1417 1061 Cyrenensem
1443 1016 1511 1050 ori-

213 1070 331 1114 ginem
359 1081 401 1103 eo
427 1070 540 1114 magis
567 1068 716 1112 redolet,
744 1068 840 1113 quod
866 1068 946 1103 loca
972 1069 1112 1114 Libyca
1142 1069 1330 1114 designare
1357 1069 1509 1103 videtur.

313 1123 349 1168 5)
378 1122 553 1158 Ultimum
570 1122 755 1157 oraculum
781 1122 826 1157 de
843 1122 951 1158 rebus
971 1121 1238 1168 Cyrenensibus
1256 1123 1379 1158 datum
1396 1123 1513 1158 Hero-

216 1177 322 1212 dotus
349 1176 454 1212 affert
480 1188 509 1213 c.
529 1178 617 1212 203:
651 1176 829 1222 Cyrenaei
857 1175 998 1223 „Zo'yto'v
1023 1190 1058 1212 τι
1085 1172 1361 1222 ἅποσιεύμενοι“
1390 1177 1512 1212 Persis

216 1231 440 1278 patefaciunt
466 1231 565 1266 urbis
591 1235 726 1277 portas.
754 1231 838 1267 Non
865 1231 952 1267 dicit
969 1231 1192 1277 Herodotus,
1219 1232 1314 1267 unde
1340 1231 1408 1267 hoc
1435 1244 1512 1267 ora-

217 1286 336 1321 culum
364 1286 511 1320 venerit.
555 1285 618 1320 Nil
643 1297 722 1330 pro,
761 1285 812 1319 nil
838 1289 964 1320 contra
991 1286 1137 1331 originis
1164 1286 1363 1331 Delphicae
1399 1286 1511 1330 suspi-

216 1340 355 1375 cionem
393 1339 556 1385 proferre
595 1351 751 1385 possum.
804 1338 1066 1384 Philodelphus
1110 1343 1207 1374 certe
1250 1351 1403 1382 causam,
1449 1351 1514 1374 cur

216 1393 340 1428 Persis
367 1394 499 1428 adiutis
527 1393 752 1440 gloriaretur,
779 1405 850 1428 non
877 1393 1045 1429 habebat.

314 1448 393 1482 Iam
419 1448 638 1492 inspeximus
674 1447 793 1481 omnia
828 1447 975 1482 oracula
1001 1448 1038 1481 in
1064 1447 1243 1482 Herodoti
1269 1447 1418 1482 historia
1445 1447 1514 1492 Cy-

218 1502 360 1536 renensi
395 1501 554 1535 laudata.
596 1499 698 1546 Quae
732 1501 971 1546 cognovimus,
1012 1500 1169 1536 breviter
1195 1500 1249 1536 his
1276 1501 1393 1536 verbis
1420 1512 1513 1536 com-

216 1555 372 1600 plectar:

314 1608 493 1654 Cyrenaei
519 1609 743 1654 praebebant
768 1608 959 1643 Herodoto
999 1621 1107 1643 unam
1147 1609 1351 1644 continuam
1389 1620 1513 1643 narra-

215 1663 350 1697 tionem
376 1663 491 1697 nisam
518 1663 649 1708 partim
676 1662 805 1697 fabulis
831 1663 903 1697 iam
930 1675 951 1697 a
978 1662 1121 1708 regibus
1148 1663 1356 1708 approbatis
1381 1663 1513 1708 partim

214 1717 396 1752 hominum
430 1717 657 1762 popularium
692 1716 930 1762 opinionibus.
984 1717 1041 1751 Ex
1074 1716 1173 1752 fonte
1205 1716 1435 1762 philodelpho
1461 1717 1513 1751 in-

214 1774 350 1805 sertum
377 1775 432 1805 est
458 1771 644 1805 oraculum
670 1771 833 1815 primum,
862 1771 959 1815 quod
986 1771 1087 1815 epica
1106 1770 1259 1805 dialecto
1278 1770 1513 1815 compositum

213 1827 322 1869 atque
362 1836 454 1859 nova
493 1824 792 1870 interpretatione
831 1824 928 1859 vocis
957 1823 1138 1868 ,,Βα’ττος“
1179 1824 1408 1859 coniunctum
1448 1827 1511 1858 est.

215 1878 396 1913 Pindarus
431 1879 506 1913 eius
533 1878 684 1913 formam
711 1879 902 1924 genuinam
929 1879 1108 1923 cognitam
1134 1878 1301 1921 habebat,
1329 1878 1512 1913 Diodorus

214 1932 480 1977 interpolatam.
515 1932 610 1967 Item
624 1933 739 1977 prima
752 1944 836 1977 pars
851 1932 987 1967 oraculi
1002 1932 1233 1967 contaminati
1248 1932 1435 1967 Arcesilao
1449 1931 1513 1966 III

216 1985 291 2021 dati
318 1998 339 2021 a
364 1986 516 2021 testibus
543 1986 731 2031 Delphicis
757 1986 947 2022 Herodoto
973 1986 1139 2032 praebita
1165 1990 1229 2022 est.
