1770 2769
754 91 997 124 -30-

221 196 496 244 praeteriisse.¹)
540 196 773 242 Spoliationis
791 209 901 232 causa
919 198 1015 243 apud
1033 197 1259 233 Herodotum
1278 197 1520 243 imprudentia

221 256 276 287 est
294 251 535 297 Siphniorum,
564 263 635 297 qua
660 250 896 297 neglexerant
914 252 1100 287 oraculum
1120 251 1253 287 editum
1274 252 1325 287 cis
1344 263 1516 297 quaeren-

219 306 327 351 tibus,
370 306 426 351 „ez
463 304 606 342 αὐτοῖσι
647 303 691 341 τὰ
725 303 906 353 παρεόντα
944 304 1069 352 οἷγαῦἁ
1102 302 1162 343 οἷά
1198 320 1235 341 τε
1272 305 1348 342 ἐστὶ
1386 303 1519 342 πολλὸν

221 358 348 407 χρόνον
375 359 628 407 παραμένειν·ι
684 359 773 393 Dati
802 360 852 394 eis
880 364 984 394 erant
1011 371 1149 394 versus:

375 411 471 448 ,ἀλλ’
499 411 584 448 ὅταν
610 412 647 448 ἐν
672 413 797 460 Σίφνῳ
827 410 1034 460 πρυτανήια
1061 411 1168 449 λευκὰ
1199 412 1336 460 γένῃ-ται

368 465 570 515 λεύκοφρύς
595 464 753 515 τὀἷγορὴ,
783 464 860 503 τότε
888 464 933 514 dv}
959 469 1016 503 δεῖ
1042 465 1250 515 φράδμονος
1276 464 1406 514 ἀνδρός

367 519 605 569 φράσσασθαι
634 519 777 564 ξύλινόν
802 534 840 555 τε
867 518 973 563 λόχον
998 518 1134 568 κήρυκά
1158 518 1382 568 τ’ἐρυθρόν.“

331 575 506 610 Inventor
544 573 753 609 historiolae
796 573 901 609 nobis
944 573 1098 619 probare
1143 574 1272 616 studet,
1315 573 1514 620 piratarum

220 629 362 664 illorum
389 629 627 673 irruptionem
654 640 799 663 causam
822 628 932 663 fuisse
950 629 1196 673 gravissimam
1216 640 1333 663 rerum
1354 627 1518 673 Siphnia-

220 694 299 717 rum
325 686 554 717 mutatarum.
599 681 690 716 Mihi
717 681 859 717 videtur
885 681 1094 717 incredibile
1113 694 1203 727 esse,
1221 682 1359 718 talenta
1376 684 1518 717 centum

221 737 352 772 amissa
393 741 467 771 tam
503 735 627 770 efficax
661 736 771 771 fuisse
807 736 986 771 damnum.
1048 735 1166 771 Multo
1206 736 1431 771 verisimilior
1464 739 1518 770 est

221 801 339 833 causa,
375 801 482 834 quam
516 789 665 823 tradunt
698 789 900 824 Pausanias
935 789 987 833 (X
1018 791 1073 826 11.
1102 790 1141 832 2)
1176 794 1212 824 et
1245 789 1376 824 Suidas
1410 789 1451 833 (s,
1486 801 1517 822 V.

220 843 398 891 Σίφνιοι»
432 843 521 877 mari
557 842 754 878 inundante
791 842 947 886 metalla,
983 842 1187 878 divitiarum
1220 842 1367 887 fontem,
1400 842 1518 877 deleta

221 909 309 931 esse.
364 897 536 931 Auctoris
555 895 734 931 Herodoti
761 897 946 940 intererat,
975 901 1101 941 putare
1128 896 1292 939 lectores,
1319 908 1390 930 non
1409 896 1517 930 maris

222 951 290 984 vim
326 950 388 984 sed
424 950 582 994 ipsorum
617 950 896 994 imprudentiam
932 950 1131 995 perdidisse
1167 949 1349 995 Siphnios.
1423 949 1516 984 Ecce

222 1003 445 1048 philodelphi
471 1004 670 1047 vestigium.
724 1002 865 1048 Siphnii
891 1003 1098 1038 thesaurum
1119 1003 1345 1048 splendidum
1363 1003 1517 1048 Delphis

222 1057 414 1092 habebant.
484 1055 556 1102 Qui
591 1057 715 1102 quinto
751 1057 895 1092 saeculo
930 1068 1010 1092 eum
1047 1056 1191 1092 videbat
1225 1057 1341 1092 sciens
1377 1068 1437 1092 eos
1471 1056 1517 1091 ad

220 1111 375 1145 minores
404 1122 490 1154 opes
517 1110 683 1145 redactos
717 1122 806 1152 esse,
844 1122 1017 1155 quaerere
1052 1111 1179 1155 potuit,
1215 1122 1280 1145 cur
1314 1110 1402 1144 deus
1428 1109 1516 1144 Del-

220 1164 346 1209 phicus
373 1164 506 1198 amicos
532 1168 605 1198 tam
632 1162 819 1198 munificos
847 1176 918 1198 non
945 1164 1072 1199 melius
1103 1164 1330 1209 protexisset.
1391 1163 1516 1199 Sacer-

220 1218 323 1253 dotes
363 1230 432 1252 non
474 1222 642 1263 poterant
681 1218 911 1263 respondere,
950 1217 1117 1263 Siphnios
1157 1219 1311 1253 monitos
1347 1230 1436 1260 esse,
1476 1222 1516 1252 ut

220 1276 371 1306 caveant
399 1272 467 1306 vim
494 1272 619 1316 maris3
647 1283 728 1306 nam
756 1272 823 1306 hoc
850 1271 975 1307 inutile
1003 1272 1139 1307 fuisset.
1191 1271 1380 1317 Fingenda
1406 1271 1516 1317 igitur

220 1326 271 1360 eis
299 1330 377 1360 erat
404 1325 600 1369 historiola,
628 1338 698 1371 qua
725 1330 998 1373 monstraretur,
1026 1325 1197 1367 homines,
1225 1338 1296 1361 non
1314 1337 1412 1361 mare
1432 1337 1514 1360 cau-

219 1392 294 1414 sam
334 1380 444 1414 fuisse
485 1380 702 1414 detrimenti.
779 1380 957 1415 Homines
997 1392 1123 1414 cavere
1164 1384 1331 1425 poterant
1370 1379 1512 1425 Siphnii

218 1434 344 1468 moniti
371 1445 392 1467 a
420 1433 497 1470 dec.
552 1433 642 1468 Cum
663 1445 785 1468 versus
804 1433 1057 1478 neglexissent,
1077 1434 1114 1468 in
1133 1434 1240 1478 ipsos,
1260 1446 1331 1468 non
1350 1434 1386 1468 in
1406 1433 1508 1468 deum

219 1487 324 1532 culpa
351 1487 505 1522 conferri
533 1492 686 1532 poterat.
746 1488 805 1522 Ita
840 1487 1094 1533 philodelphus
1129 1500 1272 1523 causam
1309 1488 1513 1522 detrimenti

219 1552 338 1575 veram
367 1542 611 1586 compensavit
637 1541 697 1575 illo
726 1540 928 1576 Samiorum
956 1540 1105 1586 raptu.²)

317 1727 342 1764 1)
365 1726 434 1755 Non
456 1726 566 1762 obstat,
587 1726 667 1763 quod
688 1726 762 1755 dicit
776 1726 860 1756 Stein
884 1727 930 1756 ad.
952 1727 981 1756 h,
1003 1727 1037 1756 l.:
1060 1727 1140 1765 „Fur
1163 1727 1221 1756 den
1236 1727 1513 1756 Metallreichthum

218 1771 271 1800 der
291 1771 373 1800 ‚Inscl
396 1773 487 1807 zeugt
508 1771 593 1806 auch,
616 1771 683 1799 dass
705 1771 746 1799 sie
767 1772 845 1800 noch
866 1771 999 1800 hundert
1019 1771 1042 1800 J
1044 1772 1116 1800 ahre
1138 1773 1240 1809 spiiter
1261 1772 1346 1800 einen
1368 1771 1421 1800 das
1438 1772 1512 1800 Ver-

217 1815 344 1843 hiiltniss
367 1815 448 1843 ihrer
469 1814 579 1842 Gro'sse
601 1815 670 1842 weit
692 1815 942 1852 iibersteigenden
959 1815 1131 1851 jahrlichen
1152 1815 1261 1843 Tribut
1289 1824 1327 1843 an
1347 1815 1450 1843 Athen
1476 1825 1511 1843 zu

217 1858 322 1887 zahlen
342 1858 453 1887 hatte.“
497 1857 616 1887 Scimus
638 1857 792 1895 Cythnios,
815 1858 1010 1896 Siphniorum
1032 1858 1156 1894 vicinos,
1178 1859 1257 1888 idem
1279 1859 1358 1897 quod
1380 1859 1423 1888 illi
1444 1869 1512 1888 vec-

217 1903 300 1941 tigal,
332 1903 390 1931 tria
411 1903 534 1933 talenta.
567 1903 698 1940 pendere
727 1903 864 1932 debuisse
894 1913 919 1932 a.
949 1904 1115 1934 454—440.
1167 1903 1245 1933 Belli
1266 1903 1512 1941 Peloponnesiaci

217 1947 339 1974 demum
359 1947 558 1983 temporibus,
580 1946 715 1983 Cythniis
738 1956 789 1975 sex
811 1949 930 1975 tantum
952 1947 1067 1975 talenta
1087 1947 1230 1984 imposita
1250 1951 1344 1983 erant,
1377 1947 1511 1984 Siphniis

216 1999 335 2019 novem.
380 1991 461 2019 Haec
483 1990 654 2020 differentia
674 2000 733 2019 non
755 1994 841 2020 tanta
862 1993 917 2029 est,
939 1993 974 2020 ut
994 1990 1085 2020 liceat
1106 1991 1208 2021 dicere
1232 1992 1335 2029 „einen
1357 1992 1410 2021 das
1432 1992 1509 2021 Ver-

216 2035 342 2063 hfiltniss
363 2035 445 2063 ihrer
466 2035 578 2064 Grosse
599 2036 669 2063 weit
698 2035 951 2073 iibersteigenden
976 2035 1147 2072 jiihrlichen
1170 2036 1302 2065 'rx-ibam
1354 2036 1397 2073 (G.
1419 2036 1450 2065 J.
1472 2037 1510 2065 A.

216 2078 232 2107 I
254 2089 302 2107 no.
324 2079 392 2112 230,
414 2079 480 2116 236,
502 2080 549 2115 37,
572 2079 607 2108 cf.
630 2078 662 2108 C.
684 2079 714 2109 J.
737 2079 775 2108 A.
797 2079 814 2108 I
835 2090 863 2117 p.
888 2081 954 2116 234,
977 2079 1014 2108 cf.
1038 2079 1129 2108 etiam
1151 2080 1273 2109 Beloch.
1301 2079 1509 2117 (Griechische

216 2122 414 2161 Geschichte)
437 2122 453 2151 1
474 2133 504 2160 p.
526 2124 607 2160 402.)

314 2167 337 2204 2)
359 2167 580 2196 Posterioribus
592 2168 712 2197 demum
724 2168 913 2205 temporibus
924 2167 1104 2206 fingebatur,
1118 2168 1197 2205 quod
1209 2169 1333 2198 tradunt
1346 2169 1510 2198 Pausanias

216 2214 246 2239 et
269 2211 386 2247 Suidas,
409 2211 551 2248 Siphnios
573 2212 696 2241 desiisse
718 2212 859 2240 decumas
882 2212 1074 2241 metallorum
1096 2213 1216 2242 mittere
1237 2213 1387 2250 Apollini;
1420 2223 1510 2250 quam

215 2255 253 2284 ob
275 2265 340 2284 rem
362 2255 589 2285 inundationem
612 2256 695 2285 illam
717 2256 829 2285 factam
851 2266 923 2286 esse.
965 2256 1078 2295 Quinto
1100 2257 1219 2286 saeculo
1241 2267 1343 2287 omnes
1365 2258 1509 2295 sciebant,

215 2309 248 2329 re
270 2309 342 2329 vera
363 2300 467 2329 ordine
489 2300 608 2329 inverso
631 2301 724 2329 factas
745 2311 809 2330 esse
830 2301 884 2329 has
906 2311 961 2330 res.
