1770 2769
730 110 973 144 -44-

347 214 475 260 „gx-99&
503 215 776 261 περικτιόνεσσι,
806 216 880 263 φίλ’
907 212 1130 252 ἄθανιίτοισι
1155 220 1308 258 θεοῖσιν,

344 268 431 304 ε’ίσω
457 268 517 304 τὸν
542 268 757 316 προβόλαιον
782 268 870 315 ἔχων
895 271 1167 318 πεφυλαγμένος
1191 265 1257 318 ἧσο

343 324 403 358 καὶ
428 323 585 371 κεφαλὴν
610 323 795 371 πεφύλαξο
810 344 817 350 -
835 323 924 372 κάρη
950 324 986 360 δὲ
1011 324 1053 361 τὸ
1078 329 1182 369 σῶμα
1208 324 1374 360 σαιι’σει.“

299 378 357 412 De
376 377 473 412 fonte
493 378 619 412 horum
637 389 804 413 versuum
822 377 1054 424 philodelpho
1072 390 1177 414 nemo
1197 378 1341 424 cogitat,
1369 389 1493 413 omnes

201 443 263 466 eos
289 432 464 476 genuinos
491 443 569 466 esse
606 431 818 467 concedunt.
864 430 1000 478 Quaeri
1035 436 1173 468 tantum
1208 435 1338 477 potest,
1374 435 1493 467 utrum

199 484 333 520 Persas
360 497 404 520 an
420 485 728 520 Lacedaemonios
754 486 951 530 respiciens
969 485 1102 531 Apollo
1129 486 1317 521 consilium
1343 485 1492 520 dederit.

203 537 274 584 Qui
292 550 364 573 non
383 550 462 573 cum
482 537 660 586 Steinio¹)
687 539 797 574 verba
822 543 915 584 7,τῶν
940 537 983 587 δὴ
1011 538 1125 575 εἵνεκα
1151 539 1329 584 πέμπειν“
1350 539 1493 585 premit,

199 592 307 628 fidem
332 592 522 628 Herodoto
550 593 729 640 denegare
755 605 828 629 non
855 593 973 629 debet.
1002 593 1264 640 Oomplectitur
1289 593 1355 629 hoc
1382 605 1492 629 enun-

199 647 327 682 tiatum
366 647 639 683 consultationis
679 659 806 682 causas
845 648 940 682 inter
975 660 1012 683 se
1039 649 1191 696 'minime
1231 648 1493 692 discrepantes:

199 700 327 747 Argivi
354 700 523 735 dicebant
549 712 638 744 sese,
675 712 755 735 cum
782 701 919 736 Xerxis
958 701 1223 746 expeditionem
1261 701 1492 747 praescirent,

199 758 361 799 promtos
387 754 496 790 fuisse
522 754 664 790 futuros
702 755 748 790 ad
774 755 945 790 auxilium
972 754 1159 790 ferendum
1186 756 1293 791 etiam
1321 754 1492 800 Apolline

200 820 272 842 non
306 809 530 855 consultato,
570 809 639 844 nisi
671 820 801 854 magna
835 809 937 844 clade
972 809 1078 844 fracti
1113 812 1248 853 essent3
1287 808 1493 843 infirmitate

200 865 340 897 tantum
367 866 512 898 coactos
539 862 724 898 oraculum
751 874 828 897 sese
857 862 1090 899 consultasse.

297 916 462 950 Examen
490 917 658 960 omnium,
687 928 778 962 quae
803 916 942 961 profert
958 916 1169 951 Herodotus
1196 916 1240 950 de
1267 916 1421 951 oraculis
1448 915 1492 950 ab

197 969 369 1014 Apolline
396 969 576 1015 Delphico
603 970 688 1005 belli
714 970 853 1005 Persici
887 970 1110 1015 temporibus
1136 970 1241 1011 datis,
1269 981 1333 1004 nos
1361 969 1491 1012 docuit,

198 1023 249 1057 nil
277 1035 355 1058 esse
383 1027 520 1059 certum
547 1024 625 1068 nisi,
655 1024 760 1059 deum
787 1024 990 1059 exanimare
1017 1022 1270 1068 Athenienses,
1306 1034 1487 1058 removere

198 1089 220 1112 a
240 1076 465 1113 Graecorum
491 1078 656 1123 partibus
676 1077 870 1113 Cretenses
897 1082 933 1113 et
951 1077 1107 1123 Argivos
1134 1077 1326 1114 studuisse.
1358 1077 1491 1112 Parum

201 1131 335 1166 idonea
362 1136 460 1166 certe
486 1132 576 1166 haec
615 1136 699 1167 sunt
737 1132 783 1167 ad
823 1132 929 1167 deum
968 1144 990 1167 a
1027 1132 1191 1167 medismi
1229 1131 1376 1165 crimine
1409 1143 1492 1176 pur-

197 1185 365 1229 gandum.
418 1185 584 1230 Accedit,
626 1186 721 1231 quod
755 1185 874 1221 Gelon
915 1185 1164 1231 Syracusanus
1202 1184 1339 1219 nullum
1380 1186 1492 1219 totius

198 1238 377 1275 Graeciae
412 1240 581 1275 tutiorem
615 1240 731 1275 locum
764 1239 910 1285 sciebat,
946 1251 1016 1285 quo
1044 1239 1139 1275 dona
1165 1239 1284 1274 Xerxi
1311 1238 1492 1274 destinata

197 1293 404 1338 deponeret,
445 1306 550 1339 quam
591 1294 755 1339 Delphos
782 1293 876 1340 (VII
903 1293 1001 1340 163).
1054 1292 1213 1329 Similem
1253 1293 1491 1338 suspicionem

195 1351 324 1391 movet,
352 1347 449 1393 quod
466 1351 636 1383 narratur
654 1348 753 1384 VIII
773 1349 859 1383 114:
889 1346 1131 1394 ΠΧρηστήριον
1156 1344 1324 1395 ἐληλύθεε
1346 1344 1383 1381 ἐκ
1402 1346 1492 1381 Δελ-

198 1405 276 1449 φῶν
294 1401 620 1446 Λακεδαιμονίοισι,
650 1401 778 1449 Ξέρξην
804 1401 935 1437 αἰτέειν
960 1401 1058 1443 δίκας
1078 1405 1146 1452 ιτοῦ
1168 1400 1355 1437 Λεωνίδεω
1382 1399 1491 1448 φόνου

195 1455 253 1489 καὶ
288 1454 330 1489 τὸ
362 1455 541 1490 διδόμενον
575 1454 614 1497 ἐξ
645 1454 777 1490 ἐκείνου
807 1455 1010 1490 δέκεσθαι.“
1064 1454 1166 1489 Finis
1191 1454 1482 1489 narratiunculae

196 1508 291 1553 apud
318 1508 547 1544 Herodotum
583 1508 730 1544 verbum
756 1508 895 1544 Xerxis
929 1508 1083 1543 facetum
1110 1519 1152 1542 ac
1188 1508 1385 1543 ominosum
1421 1511 1486 1542 est.

195 1562 326 1598 Nonne
353 1567 475 1598 tamen
499 1563 653 1599 fortasse
671 1563 730 1598 hic
748 1562 853 1598 nobis
872 1563 1059 1608 vestigium
1077 1563 1269 1607 genuinum
1288 1561 1346 1597 dei
1365 1573 1489 1607 pacem

194 1617 386 1652 conciliare
413 1618 588 1652 tentantis
608 1621 787 1653 servatum
808 1616 887 1652 est?
915 1616 1103 1662 Separatio
1121 1616 1490 1651 Lacedaemoniorum

195 1670 256 1706 illo
283 1675 444 1717 tempore
470 1670 551 1707 finis
578 1684 698 1707 rerum
726 1670 950 1707 Graecarum
977 1671 1114 1708 fuisset.

292 2131 315 2163 1)
337 2131 375 2158 ad
396 2130 462 2158 VII
484 2130 585 2160 14812:
623 2130 695 2167 „Die
709 2130 842 2167 Argiver
862 2131 985 2158 riiumen
1002 2128 1065 2157 also
1080 2128 1218 2166 (propter
1234 2132 1313 2165 „w‘m
1328 2129 1364 2166 δὴ
1380 2130 1486 2157 εἵνεκα

194 2176 368 2213 πέμπεινζθ)
398 2174 497 2202 selber
522 2174 579 2209 ein,
609 2174 682 2203 oder
710 2174 783 2202 aber
811 2173 865 2202 der
885 2173 986 2201 Autor
1013 2173 1088 2201 liisst
1116 2172 1168 2209 sie,
1197 2172 1287 2201 ihnen
1317 2172 1408 2201 selbst
1434 2182 1488 2200 zur

192 2218 415 2255 Widerlegung
436 2218 638 2255 eingestehen,
661 2217 731 2246 dass
754 2217 796 2245 sie
817 2226 875 2245 nur
903 2216 957 2245 der
983 2215 1107 2244 friihern
1136 2216 1262 2254 eigenen
1282 2215 1487 2253 Bedriingniss

191 2262 297 2290 halber
317 2262 394 2290 nach
415 2261 525 2298 Delphi
545 2261 699 2299 geschickt
719 2261 851 2289 hatten.“
889 2260 1004 2289 Steiuio
1021 2260 1158 2288 assentiri
1172 2259 1313 2288 videntur
1327 2259 1487 2288 Wecklein

193 2306 225 2343 (1.
248 2306 265 2334 1.
287 2316 316 2342 p.
339 2307 421 2343 311),
443 2305 551 2333 Busolt
571 2304 641 2342 (Π2
661 2315 690 2342 p.
713 2306 791 2342 662),
814 2304 952 2333 Pomtow
973 2304 1004 2340 (l.
1026 2304 1045 2332 l.
1068 2313 1096 2340 p.
1119 2304 1177 2339 24).
