1770 2769
761 102 1003 135 -54-

352 204 405 249 „vi
429 208 521 254 μέγα
547 206 667 255 χάρμα
693 211 841 255 βροτοῖς
867 206 1031 253 βλαστιιῖν
1056 206 1254 254 Ἀσκληπιὲ
1280 209 1392 244 πᾶσιν

350 260 389 297 ὃν
418 263 596 309 Φλεγυηῒς
622 260 758 298 ἔτικτεν
784 261 865 306 ἐμοὶ
892 259 1061 310 φιλότητι
1088 265 1235 307 μιγεῖσα

353 315 549 364 ἱμερόεσσα
576 317 743 363 Κορωνὶς
769 316 833 352 ἐπὶ
860 316 994 363 κραναῇ
1018 313 1261 363 Ἐπιδαύρῳ.“

332 369 403 416 Qui
432 374 536 405 erant
562 369 614 404 illi
641 374 795 411 ,,τινες,“
830 370 891 415 qui
917 373 990 404 tam
1017 369 1178 404 obscuris
1205 369 1344 404 artibus
1354 368 1381 414 ¹)
1408 368 1521 415 Apol-

232 424 340 460 linem
359 424 603 460 adiuvabant‘?
629 445 676 449 —
704 424 839 469 Delphi
858 427 972 459 certe:
999 422 1132 458 nullius
1150 427 1339 469 praeterea
1352 424 1525 458 intererat

232 479 289 513 his
315 479 352 512 in
379 478 487 513 rebus
506 481 632 512 contra
651 478 960 513 Lacedaemonios
979 477 1174 522 disputare.
1220 476 1364 512 Primus
1382 477 1525 522 quidem

232 532 338 567 homo
365 531 576 566 Herodotus
602 543 675 566 non
702 535 768 576 est,
795 532 856 577 qui
882 531 1047 566 instituta
1065 530 1248 566 Laconica
1266 530 1420 576 Delphis
1446 527 1526 566 orta

233 598 311 621 esse
338 585 538 621 tradiderit.
590 585 668 620 Iam
696 585 842 631 Tyrtaei
867 590 1039 630 tempore,
1066 596 1147 619 cum
1173 584 1376 630 Lycurgum
1405 585 1523 630 legum

232 639 384 675 latorem
423 639 533 674 fuisse
572 639 761 674 nemodum
805 639 921 682 sciret,
959 638 1213 684 Theopompus
1252 642 1288 673 et
1326 638 1525 684 Polydorus

234 705 336 739 reges
364 694 409 728 ab
437 693 608 738 Apolline
629 693 808 739 Delphico
827 693 1062 729 fundamenta
1079 693 1324 728 institutorum
1344 693 1525 739 accepisse

235 748 458 783 dicebantur.
512 748 641 783 Testes
670 752 753 783 sunt
780 760 842 782 sex
861 748 1009 793 Tyrtaei
1036 759 1171 792 versus,
1199 759 1289 792 quos
1308 747 1525 782 Plutarchus

234 802 337 847 (Lyc,
367 802 403 847 7)
429 802 533 836 nobis
560 803 734 837 servavit:

403 883 418 898 ‚,
428 857 557 900 Φοίβου
583 850 798 897 οἷκούσαντες
824 854 1048 891 Πυθωνόθεν
1075 853 1183 889 οἴκαδ’
1211 853 1345 890 ἔνεικαν

400 912 570 953 μαντείας
596 922 634 944 τε
660 912 751 944 θεοῦ
776 909 837 943 καὶ
863 909 1010 943 τελέεντ’
1037 907 1136 950 ἔπεα,

403 958 522 1007 ἄρχειν
547 962 610 1007 μὲν
635 963 763 1009 βουλῆς
788 961 1026 1008 θεοτιμήτους
1050 962 1229 1008 βασιλῆας,

403 1014 476 1051 οἷσι
501 1016 600 1061 μέλει
626 1015 794 1063 Σπάρτας
820 1014 1010 1063 ἱμερόεσσα
1035 1014 1151 1058 πόλις,

400 1070 600 1116 πρεσβύτας
625 1070 697 1116 τε2)
723 1073 897 1116 γέροντας,
925 1069 1049 1105 ἔπειτα
1077 1070 1115 1107 δὲ
1142 1069 1295 1117 δημότας
1320 1066 1456 1116 ἄνδρας,

402 1122 565 1167 εὐθείαις
591 1124 735 1173 ῥήτραις
761 1120 1165 1170 ἅνταπαμειβομένους.“

332 1178 566 1215 Abiudicavit
593 1191 678 1214 sane
705 1180 748 1216 E.
776 1179 902 1225 Meyer
937 1179 1001 1214 hos
1036 1190 1159 1214 versus
1186 1190 1208 1214 a
1234 1178 1402 1224 Tyrtaeo,
1430 1178 1526 1223 quod

241 1238 323 1278 post
340 1233 569 1268 Herodotum
597 1234 738 1268 demum
766 1233 887 1268 fabula
915 1234 958 1268 de
986 1233 1083 1268 fonte
1111 1233 1229 1278 legum
1249 1232 1427 1277 Delphico
1447 1236 1526 1267 orta

238 1285 327 1329 sitfl)
378 1287 548 1332 Kaerst⁴)
577 1292 613 1322 et
639 1287 797 1332 Busolt³')
826 1288 858 1322 ei
886 1287 1105 1330 obiecerunt,
1141 1298 1211 1321 non
1246 1284 1427 1330 ,,κόσμου“
1462 1285 1525 1320 sed

335 1362 359 1396 1)
381 1360 514 1389 Posteris
541 1360 727 1396 temporibus
754 1360 867 1388 homini
895 1359 983 1387 alicui
1010 1360 1066 1387 hoc
1096 1359 1254 1387 artificium
1276 1359 1440 1395 simplicius
1461 1367 1526 1386 esse

235 1404 406 1440 videbatur,
429 1413 519 1440 quam
542 1404 622 1440 quod
643 1404 768 1432 lectores
790 1413 848 1431 non
869 1403 1011 1440 detegere
1032 1406 1163 1440 possent.
1185 1402 1289 1431 Finxit
1309 1403 1401 1440 igitur
1422 1411 1525 1431 oracu—

237 1447 299 1475 lum
322 1448 431 1485 aptius,
453 1448 533 1485 quod
556 1448 682 1485 legimus
703 1448 732 1475 in
754 1447 879 1476 Authol.
903 1447 1005 1484 (XIV.
1028 1448 1089 1482 77)

469 1492 599 1528 ’Όλβιος
620 1493 708 1528 οὗτος
729 1493 818 1530 ἀνὴρ,
841 1494 874 1528 ὃς
895 1496 954 1520 νῦν
973 1493 1050 1520 κατὰ
1072 1492 1186 1520 λάϊνον
1200 1492 1295 1520 οὐδόν

474 1537 590 1572 Φοίβου
612 1536 821 1573 ’Λπόλλωνος
842 1538 1033 1575 χρηστήριον
1053 1538 1267 1571 εἰσαναβαίνει

471 1580 598 1617 ἤλυθεν
619 1582 772 1618 εὐνομίην
794 1581 969 1618 διζήμενος.
992 1581 1090 1619 αὐτὰρ
1112 1581 1172 1618 ἐγώ
1194 1591 1240 1608 τοι

472 1625 570 1660 δώσω,
592 1626 632 1661 ἦν
653 1626 710 1652 οὐκ
731 1625 820 1662 ἄλλη
842 1624 1040 1662 ἐπιχθονίων
1060 1624 1156 1660 πόλις
1176 1623 1268 1661 ἕξει.“

332 1668 420 1697 Alius
442 1668 488 1696 vir
509 1668 615 1697 doctus
637 1668 724 1697 huius
746 1669 857 1696 oraculi
880 1668 993 1697 ultimis
1013 1668 1147 1697 versibus
1169 1667 1361 1696 Herodoteos
1382 1668 1526 1696 contami-

233 1712 335 1740 navit:
359 1712 395 1741 cf.
417 1711 505 1742 Diod.
527 1711 591 1740 VII
613 1713 657 1741 11.
680 1712 758 1740 Plut.
780 1712 852 1748 Lyc.
874 1714 901 1742 5.
923 1712 1005 1741 Stein
1028 1711 1081 1747 (ad
1102 1711 1118 1739 Ι
1139 1713 1184 1742 65.
1199 1712 1234 1748 ¹⁸)
1255 1714 1351 1749 putat,
1373 1713 1442 1740 ante
1462 1711 1525 1739 He-

233 1756 333 1784 rodoti
360 1758 498 1793 tempora
528 1756 588 1784 iam
618 1756 739 1784 ultimos
768 1756 893 1784 Diodori
925 1759 955 1784 et
975 1755 1179 1792 Anthologiae
1208 1765 1312 1784 versus
1339 1758 1425 1784 natos
1454 1764 1526 1786 esse.

234 1799 300 1837 Qua
328 1809 360 1828 re
390 1800 465 1828 haec
496 1800 597 1836 opinio
628 1799 753 1828 fundata
781 1800 827 1835 sit,
848 1800 959 1829 nescio.
992 1799 1091 1828 Locus
1113 1799 1267 1828 Plutarchi
1289 1799 1367 1837 (adv.
1389 1799 1526 1834 Colotem

236 1845 280 1873 18.
303 1845 344 1877 2.)
366 1854 426 1871 non
449 1844 566 1872 sufficit.
589 1844 627 1873 ef.
653 1844 757 1871 Bus‹›lt
778 1843 807 1871 12
828 1854 855 1880 p.
878 1845 936 1873 515
958 1853 1025 1873 ann.
1047 1845 1074 1872 2.

331 1888 359 1924 2)
382 1887 482 1917 Codd:
505 1888 546 1917 δὲ.

333 1932 359 1969 3)
382 1932 419 1961 Ε.
442 1932 548 1969 Meyer
569 1942 598 1969 p.
621 1933 695 1962 230:
733 1932 836 1969 „Denn
864 1932 942 1961 noch
969 1932 1010 1960 im
1039 1932 1157 1961 fiinften
1177 1932 1388 1961 Jahrhundert
1418 1935 1526 1960 wusste

233 1985 304 2003 man
325 1976 355 2003 in
376 1975 487 2012 Sparta
506 1976 605 2004 nichts
627 1976 735 2011 davon,
756 1976 823 2003 dass
844 1976 892 2004 die
914 1976 1104 2013 Verfassung
1125 1985 1177 2003 aus
1199 1976 1308 2012 Delphi
1330 1979 1466 2003 stamme.
1489 1992 1525 1996 -

234 2019 289 2047 Die
311 2019 502 2056 Verfassung
522 2019 586 2057 galt
607 2019 664 2048 den
687 2018 859 2056 Spartiaten
890 2019 932 2047 als
954 2022 1046 2048 etwas
1073 2019 1340 2057 naturwiichsiges,
1367 2019 1450 2047 nicht
1471 2019 1526 2047 wie

234 2063 293 2091 den
315 2063 465 2092 Fremden
496 2063 544 2092 fiir
573 2064 621 2092 ein
644 2063 798 2092 seltsames
824 2063 1067 2101 Kunstprodukt,
1095 2074 1130 2092 zu
1159 2063 1267 2092 dessen
1287 2063 1467 2101 Erzeugung
1495 2073 1525 2091 es

234 2107 286 2135 des
308 2107 579 2144 Orakelapparates
600 2107 724 2136 bedurft
745 2107 856 2135 hiittefl
879 2108 924 2135 At
944 2108 1023 2144 apud
1045 2108 1144 2144 ipsum
1166 2107 1356 2136 Herodotum
1378 2107 1441 2144 (VI
1462 2108 1523 2143 52.)

233 2150 343 2187 Pythia
365 2150 440 2179 duos
462 2151 592 2188 primum
613 2160 701 2188 reges
726 2151 916 2179 constituisse
937 2150 1065 2188 Spartae
1086 2151 1204 2180 dicitur.
1239 2150 1280 2179 Et
1301 2160 1441 2188 expresse
1462 2150 1524 2179 He-

234 2194 357 2223 rodotus
378 2195 467 2223 dicit:
492 2199 603 2232 ν,ταῦτα
625 2197 686 2234 μὲν
707 2195 954 2234 Λακεδαιμόνιοι
977 2195 1108 2234 λέγουσι
1130 2199 1244 2234 μοῦνοι
1266 2195 1465 2233 Ἐλλήνων.“

331 2240 357 2275 4)
381 2239 509 2268 Bursian
529 2239 721 2268 Jahresber.:
745 2240 828 2269 1889.
851 2239 867 2267 Ι
889 2250 916 2276 p.
938 2241 1004 2269 332.

333 2283 358 2318 ⁵)
382 2283 488 2311 Busolt
509 2283 549 2314 L?
568 2293 597 2320 p.
619 2284 693 2313 545:
718 2282 777 2320 „Es
793 2282 918 2311 handelt
939 2283 1002 2311 sich
1023 2283 1101 2312 doch
1116 2283 1290 2312 wesentlich
1305 2283 1391 2311 nicht
1411 2292 1462 2311 um
1477 2283 1524 2311 die

234 2326 475 2365 Verkiindigung
497 2328 579 2356 einer
600 2337 697 2356 neuen
719 2327 874 2365 Ordnung,
897 2327 1025 2356 sondern
1047 2337 1098 2356 um
1119 2328 1185 2357 eine
1201 2327 1366 2365 Mabnung,
1388 2327 1450 2356 sich
1471 2327 1525 2355 der

234 2371 367 2408 Leitung
388 2372 443 2399 der
464 2371 624 2408 Obrigkeit
645 2381 681 2399 zu
703 2372 796 2409 fiigen
817 2371 878 2399 und
899 2372 998 2399 nichts
1019 2372 1107 2400 boses
1128 2381 1163 2399 zu
1186 2371 1317 2400 stisten.“
