1770 2769
723 101 968 134 -22-

238 205 264 241 ἅ
289 219 329 242 σε
353 210 488 252 χαίρειν
515 206 633 252 ἐστρὶς
659 202 897 253 αὗὸιὶσαισα“)
924 208 1157 252 πεπρωμένον

238 262 373 308 βασιλέ
401 274 566 310 αμφανεν
592 259 734 309 Κυράνᾳ

239 316 418 362 δυσθρόου
446 320 569 362 φωνᾶς
587 311 859 361 ανακρινόμενον
877 315 985 350 ποινὰ
1005 318 1060 356 τίς
1078 313 1178 349 ἔσται
1200 313 1290 359 πρὸς
1307 317 1442 348 &etfivf‘

289 379 349 414 Ita
366 378 499 414 Battus
526 379 634 413 etiam
659 378 756 424 apud
773 377 973 413 Pindarum
991 382 1139 424 propter
1158 388 1278 413 vocem
1297 377 1490 412 invalidam

189 434 375 468 consultat
392 432 602 477 Apollinem
630 436 666 467 et
691 432 881 467 manifeste
907 432 1089 467 Pindarus
1115 431 1193 466 loco
1220 432 1339 476 priore
1366 431 1491 466 laudat

189 487 327 521 oraculi
353 486 373 520 I
399 486 524 520 verba:
561 483 621 528 „53
647 484 782 532 Λιβύην
808 487 945 529 πέμπει
972 483 1197 532 μηλοτρόφον
1208 483 1237 529 2)
1273 483 1490 531 οἰκιστῆρα-(4

289 544 549 579 Desideramus
576 544 671 589 apud
690 543 920 579 Herodotum
947 555 1025 578 eam
1052 543 1188 578 oraculi
1206 546 1355 589 partem,
1384 554 1491 588 quam

189 599 396 643 exprimunt
409 597 560 632 Pindari
580 598 707 632 verba:
726 599 962 644 πεπρωμένον
978 596 1115 642 βασιλέ’
1134 593 1295 644 ἄμφανεν
1314 595 1490 644 Κυράι’ᾳ.“

190 652 377 686 Praebent
403 663 480 685 eam
493 651 521 693 ³)
559 663 683 686 versus
710 653 731 685 3
760 655 796 686 et
822 653 843 685 8
871 651 1018 695 oraculi,
1054 651 1149 695 quod
1176 651 1280 685 affert
1306 650 1490 685 Diodorus

241 767 374 810 „Bcae'n’
402 766 464 803 ἐπὶ
492 767 612 815 φωνὴν
639 761 749 814 ἦλθες
774 764 863 809 ἅναξ
887 767 923 802 δέ
950 779 990 802 σε
1019 770 1146 812 Φοῖβος
1169 763 1345 802 Ἀπόλλων

242 820 295 862 εἰς
321 820 457 867 Λιβύην
483 823 621 865 πέμπει
648 821 927 868 καλλιστέᾳαιόν
954 818 1110 868 Κυρήνης

242 870 379 921 εὐρείης
405 870 526 920 ἄρχειν
551 875 610 910 καὶ
638 874 728 920 ἔχειν
752 874 937 921 βασιληίδα
963 874 1078 921 τιμήν.

241 928 332 962 ἔνθα
359 940 400 963 σε
425 928 596 974 βάρβαροι
623 926 756 974 ἄνδρες,
785 928 875 963 ἐπὰν
902 928 1043 974 Λιβύης
1069 927 1260 974 ἑπιβήῃςβ)

242 980 459 1029 βαιτοφόροι
486 983 591 1025 (coni.
613 982 798 1028 Dindorf.)
826 980 961 1017 ἐπίασι·
982 981 1024 1016 σὺ
1051 976 1269 1026 δέὖχομενος
1295 983 1466 1027 Κρονίωνι

243 1035 400 1070 Παλλάδι
427 1035 634 1083 τ’ἐγρεΙιιιὶχῃ
661 1035 880 1082 γλαυκώπιδι
907 1036 965 1070 καὶ
994 1034 1081 1077 Διὸς
1107 1036 1174 1081 υἱῷ

244 1091 361 1135 Φοίβῳ
388 1085 606 1136 ἄκερσεκόμῃ
632 1093 728 1136 νίκην
753 1086 958 1135 ὑποχείριον
984 1088 1082 1131 ἕξεις,

241 1143 300 1178 καὶ
326 1142 485 1191 μα’καρος
512 1143 647 1191 Λιβύης
673 1144 954 1191 καλλιστεφοένου
979 1142 1202 1188 βασιλεύσεις

240 1193 346 1238 αὐτὸς
372 1198 431 1231 καὶ
457 1196 558 1243 γένος
586 1194 681 1242 ὑμὸν·
710 1194 789 1243 ἄγει
816 1198 852 1232 δέ
878 1208 918 1232 σε
947 1200 1073 1242 Φοῖβος
1096 1192 1308 1231 Ἅπόλλωνὲ(

291 1261 411 1296 Huius
451 1261 587 1297 oraculi
627 1266 841 1297 vetustatem
883 1262 1080 1297 certissime
1125 1261 1338 1296 confirmant
1380 1261 1489 1296 verba

193 1315 442 1360 ,βασιλευσεις
467 1310 574 1357 αὐτὸς
599 1316 658 1350 καὶ
684 1318 784 1361 γένος
812 1312 930 1359 ὗμόν,“
964 1327 1056 1361 quae
1092 1319 1174 1360 post
1206 1327 1310 1359 reges
1345 1319 1489 1350 exactos

188 1372 277 1402 nata
316 1380 395 1403 esse
434 1381 507 1403 non
546 1373 708 1413 possunt.
761 1369 846 1403 Non
884 1374 1005 1403 tamen
1045 1380 1168 1403 omnes
1203 1380 1330 1403 novem
1365 1380 1489 1403 versus

190 1421 341 1456 eundem
384 1421 520 1457 habent
558 1426 754 1460 auctorem.
807 1423 852 1457 In
888 1434 994 1458 versu
1029 1422 1185 1457 secundo
1220 1421 1322 1457 deest
1354 1422 1489 1457 iussum

189 1475 291 1510 urbis
318 1476 539 1519 condendae,
568 1476 664 1521 quod
689 1476 867 1521 praebent
885 1476 1067 1510 Pindarus
1086 1476 1248 1522 (,,χρῐ,·σεν
1267 1474 1489 1521 οἰκιστῆραίῑ)

189 1532 226 1563 et
239 1528 451 1564 Herodotus
480 1529 657 1574 (,,πέμπει
685 1528 918 1576 οἰκιστῆραίὸ).
947 1529 1084 1565 Versus
1111 1532 1257 1563 octavus
1282 1528 1376 1563 idem
1403 1528 1490 1564 dicit

189 1585 299 1627 atque
317 1583 458 1619 tertius.
486 1583 565 1618 Iam
585 1583 797 1618 manifestus
824 1587 879 1618 est
905 1582 1155 1628 interpolator,
1182 1583 1242 1628 qui
1269 1582 1356 1618 vixit
1382 1582 1489 1629 Phyl-

189 1637 290 1671 archi
317 1636 392 1672 fere
419 1641 593 1682 tempore,
622 1650 701 1672 cum
728 1638 928 1682 fingeretur
954 1637 1088 1682 fabula,
1114 1649 1184 1671 non
1204 1636 1352 1672 Battum
1380 1637 1488 1672 fuisse

291 1730 316 1767 ¹)
340 1729 476 1767 Benigna
496 1729 570 1758 haec
592 1729 675 1758 Batti
698 1729 840 1759 salutatio
862 1739 879 1758 a
900 1728 1032 1758 Pindaro
1062 1731 1153 1767 poeta
1180 1729 1247 1767 ipso
1275 1728 1398 1759 inventa
1424 1739 1488 1760 esse

193 1777 302 1811 potest.

288 1819 312 1852 ²)
336 1820 579 1856 ,,καρποφόρου“
603 1817 768 1854 respondet
788 1818 905 1846 notioni
939 1817 1091 1854 „malifer“
1123 1817 1206 1845 vocis
1240 1818 1487 1856 πμηλοτρόφοςῇι

291 1861 318 1898 3)
341 1861 458 1899 Effugit
478 1861 535 1890 hoc
558 1861 724 1890 Maassium
747 1861 789 1899 (p.
812 1862 894 1898 380).

290 1906 314 1943 ⁴)
336 1905 458 1944 Pugnae
481 1917 549 1935 eum
571 1906 719 1944 indigenis
742 1906 797 1936 sub
818 1906 901 1935 Batti
922 1905 938 1935 1
960 1916 1053 1944 regno
1069 1906 1246 1935 commissae
1261 1906 1318 1935 hoc
1334 1907 1487 1935 oraculum

190 1951 277 1979 testis
299 1955 353 1979 est.
395 1951 433 1979 In
456 1952 508 1986 eis,
531 1961 606 1987 quae
629 1951 774 1987 Cyrenaei
795 1954 920 1979 narrant
950 1951 1030 1987 apud
1052 1950 1253 1986 Herodotum,
1282 1951 1488 1979 testimonium

189 1994 286 2022 simile
322 1994 415 2023 latere
446 1995 521 2022 mihi
553 1994 686 2022 videtur:
720 1994 870 2022 Narratur
901 2004 925 2022 c.
959 1995 1026 2029 154,
1058 1994 1201 2030 deceptos
1232 2003 1297 2022 esse
1329 1994 1450 2023 colonos
1472 2004 1489 2023 a

188 2037 346 2075 Libyibus‚
368 2039 417 2075 qui
440 2039 483 2067 eis
504 2048 559 2076 pro
581 2039 648 2067 loeo
669 2038 756 2067 Irasa
777 2039 866 2076 longe
887 2038 1148 2076 praestantissimo
1170 2038 1280 2075 locum,
1311 2038 1363 2067 ubi
1383 2041 1489 2076 postea

189 2082 323 2118 cyrenae
357 2082 495 2111 conditae
526 2083 593 2118 sint,
634 2086 863 2112 monstrassent.
916 2082 1008 2119 Apud
1041 2082 1233 2111 Herodotum
1264 2082 1377 2119 Libyes
1408 2083 1488 2112 ultro

189 2126 336 2162 optimam
359 2127 404 2154 sui
427 2127 492 2163 agri
513 2130 630 2163 partem
647 2126 790 2155 'Pheraeis
812 2126 985 2163 promisisse
1007 2125 1156 2154 videntur.
1199 2126 1371 2154 Mirandum
1387 2129 1488 2155 tamen

188 2172 244 2206 est,
268 2179 319 2198 eos
340 2172 405 2198 tum
427 2170 497 2198 dolo
519 2170 636 2199 Irasam
659 2170 716 2199 sibi
738 2180 867 2201 servare⁴
920 2169 998 2198 Mihi
1029 2169 1151 2207 quidem
1185 2170 1259 2200 haec
1292 2171 1357 2208 agri
1392 2171 1488 2200 cessio

189 2214 271 2250 bello
291 2214 454 2251 impetrata
481 2224 546 2243 esse
568 2214 696 2243 videtur.
748 2214 781 2244 Si
812 2214 870 2242 hoc
903 2214 1076 2251 accipimus,
1109 2214 1285 2252 intellegere
1319 2224 1488 2252 possumus,

186 2267 243 2286 >cur
263 2257 376 2295 Libyes
409 2259 516 2295 coacti,
549 2261 582 2287 ut
610 2268 715 2296 paoem
737 2259 928 2295 redimerent,
961 2260 1094 2287 Graecos
1116 2261 1208 2287 noctu
1230 2262 1350 2296 praeter
1370 2258 1487 2288 Irasam

193 2302 363 2331 traducant.
