1770 2769
793 151 1033 185 -55-

266 260 441 295 minorum
475 263 615 295 tantum
649 271 768 295 rerum
802 261 1063 295 institutionem
1098 261 1155 296 hic
1196 262 1344 296 attribui
1378 261 1551 306 Apollini.

265 314 344 361 Ego
372 314 422 349 eis
457 313 629 349 accedere
662 326 734 349 non
772 326 928 360 possum,
969 315 1076 359 quod,
1117 316 1146 349 si
1185 315 1250 350 hos
1290 327 1413 350 versus
1455 318 1552 350 recte

265 367 444 412 intellego,
471 379 509 402 re
537 379 620 402 vera
645 379 717 402 non
743 367 836 403 levia
862 368 1045 403 continere
1073 368 1248 405 videntur.
1315 369 1552 404 Constituunt

266 422 360 457 enim
384 421 682 457 Lacedaemoniis
709 421 957 467 principatum.
1018 421 1096 457 Lex
1122 434 1193 467 qua
1221 434 1378 458 summae
1405 423 1441 457 in
1468 422 1550 457 civi-

265 479 341 511 tate
373 479 571 520 potestates
610 475 871 521 definiuntur,¹)
897 475 945 516 id,
983 475 1078 520 quod
1112 487 1177 510 nos
1213 477 1434 521 appellamus
1473 476 1551 520 „die

267 528 550 564 Souveranetat‘*
567 529 776 572 gravissima
789 528 899 563 totius
914 526 1094 573 ,,κόσμου“
1110 533 1174 563 est.
1212 528 1347 564 Contra
1366 529 1553 574 Meyerum

266 576 391 628 potius'
412 581 602 617 dicendum
630 585 694 617 est.
721 581 950 617 Herodotum
975 582 1048 627 illo,
1086 595 1190 628 quem
1218 582 1331 627 affert,
1367 583 1446 617 loco
1481 595 1553 617 non

267 635 454 680 affirmare,
475 635 673 681 Spartanos
690 636 905 681 Delphicam
932 636 1051 682 legum
1077 636 1247 682 originem
1274 637 1379 682 plane
1406 648 1551 682 negare,

266 690 329 726 sed
353 693 504 733 tantum,
532 702 593 725 eos
619 690 858 736 Lycurgum
886 701 957 725 non
984 701 1063 725 cum
1089 690 1156 725 deo
1174 690 1354 736 Delphico
1383 690 1447 725 sed
1473 702 1553 725 cum

269 743 505 780 Cretensibus
532 743 793 790 coniungere.²)

366 797 514 833 Molesti
547 798 714 832 nimirum
746 793 893 843 Tyrtaei
927 797 963 831 hi
999 810 1121 833 versus
1157 799 1313 843 antiquis
1340 802 1451 841 erant,
1494 798 1554 842 qui

266 856 341 887 tam
380 851 558 887 obstinate
602 851 808 898 Lycurgum
855 852 1082 887 constituisse
1120 863 1194 886 rem
1235 851 1412 897 publicam
1446 851 1553 898 Spar-

266 910 387 941 tanam
420 906 626 942 credebant.
678 904 866 951 Quomodo
894 917 955 940 eos
981 905 1033 940 illi
1059 907 1303 948 tractaverint,
1341 917 1434 940 nunc
1460 905 1555 940 vide-

269 971 387 994 amus:

372 1024 404 1065 1)
432 1022 585 1057 Diodori
611 1026 735 1058 auctor
760 1021 852 1067 (VII
882 1025 936 1067 14,
972 1023 1008 1067 5)
1035 1022 1181 1067 Tyrtaei
1215 1022 1324 1057 verba
1358 1023 1409 1057 ita
1443 1022 1551 1057 inter-

269 1076 415 1122 polavit,
458 1080 498 1111 ut
538 1076 721 1112 oraculum
765 1076 932 1122 Lycurgo
966 1077 1035 1122 ipsi
1069 1076 1190 1111 datum
1226 1088 1302 1111 esse
1339 1076 1552 1121 videretur-³)

269 1130 445 1166 scribens:
481 1130 515 1176 („
522 1126 541 1177 ᾗ
569 1131 691 1178 Πυθίη
717 1128 838 1177 ἔχρησε
863 1134 913 1177 τῶ
939 1129 1131 1177 Λυκούργω
1158 1130 1241 1176 περὶ
1266 1134 1336 1165 τῶν
1362 1130 1553 1165 πολιτικῶν

270 1181 397 1226 οὕτως·
405 1184 439 1231 “)
451 1185 479 1231 ⁴)

447 1247 507 1295 „dis
532 1248 600 1311 γὰρ
624 1244 854 1294 ἅργυρότοξος
879 1244 976 1292 αναξ,
1004 1246 1168 1293 ἑκάεργος
1190 1243 1365 1283 Απόλλων

444 1301 672 1349 χρυσοκόμης,
700 1301 779 1349 ε’χρη
804 1304 929 1343 πίονος
954 1300 993 1343 ἐξ
1015 1298 1121 1336 addc:
1127 1316 1155 1336 υ.

446 1352 564 1403 ἄρχειν
588 1356 652 1401 μὲν
679 1359 769 1394 etc.“
798 1369 862 1402 pro
890 1356 1038 1402 Tyrtaei
1065 1368 1096 1391 v.
1128 1359 1142 1390 1
1174 1364 1208 1390 et
1235 1357 1265 1390 2.

368 1421 406 1466 2)
433 1420 523 1455 Tam
550 1420 726 1455 violentus
752 1432 824 1455 non
850 1423 928 1455 erat
954 1423 1080 1454 auctor
1103 1419 1300 1461 Plutarchi,
1329 1419 1423 1464 apud
1450 1431 1555 1464 quem

270 1474 436 1520 legimus:
466 1470 632 1521 ,,ῧστερον
656 1476 778 1519 μέντοι
803 1478 873 1508 τῶν
899 1473 1040 1508 πολλῶν
1066 1468 1254 1521 ἀφαιρέσει
1280 1473 1339 1507 καὶ
1357 1475 1556 1519 προσθέσει

269 1527 333 1570 τὰς
357 1527 498 1574 γνώμας
523 1527 807 1576 διαστρεφόντων
832 1528 891 1563 καὶ
918 1527 1240 1574 παραβιαζομένων,
1269 1526 1473 1574 Πολύδωρος
1498 1527 1557 1561 καὶ

273 1581 487 1627 Θεόπομπος
521 1582 556 1619 οἱ
588 1583 745 1628 βασιλεῖς
779 1581 863 1617 τάδε
897 1596 938 1629 τι]
976 1582 1084 1629 ῥητρᾳ
1119 1584 1391 1628 παρενέγραψαν
1429 1580 1488 1623 „al
1522 1581 1559 1615 δὲ

271 1635 414 1672 σκολιὰν
429 1632 447 1672 ὃ
461 1636 570 1709 δᾶμος
588 1635 710 1678 ἕλοιτο,
728 1635 812 1678 τοὺς
829 1637 1089 1682 πρεσβυγενέας
1106 1636 1165 1670 καὶ
1183 1631 1375 1683 αρχαγέτας
1392 1646 1557 1670 αποστα-·

269 1695 374 1737 τῆρας
400 1684 516 1738 ημεν,“
545 1690 639 1725 τοῦτ’
667 1689 744 1725 ἔστι
768 1690 817 1737 μὴ
843 1695 967 1736 κυροῦν
1000 1685 1074 1724 αλλ’
1110 1687 1199 1731 όλως
1232 1703 1298 1736 asp:
1296 1692 1464 1723 στασθαι
1495 1689 1555 1722 καὶ

269 1742 421 1779 διαλύειν
447 1743 506 1779 τὸν
532 1744 638 1789 δῆμον
664 1757 713 1785 ως
739 1742 951 1790 ἐκτρέποντα
977 1744 1037 1778 καὶ
1058 1747 1321 1787 μεταποιοῦντα
1339 1742 1400 1790 τὴν
1417 1739 1558 1789 γνώμην

270 1797 367 1845 παρὰ
394 1797 435 1833 τὸ
460 1798 655 1844 βέλτιστον.
683 1796 830 1833 ἔπεισαν
861 1797 898 1832 δὲ
928 1798 988 1832 καὶ
1027 1793 1128 1832 αὗτοὶ
1167 1797 1227 1844 τὴν
1265 1796 1370 1832 πόλιν
1408 1791 1459 1837 ὥς
1498 1800 1559 1830 τοῦ

368 1910 394 1947 1)
416 1909 607 1947 Ephororum
629 1909 796 1939 absentiam
816 1908 904 1938 ne‘mo
926 1909 1059 1938 miretur
1108 1908 1213 1946 Qualis
1235 1907 1324 1937 fuerit
1345 1907 1472 1944 septimo
1496 1916 1558 1935 sae-

273 1955 341 1983 culo
371 1963 474 1982 eorum
504 1953 639 1983 condicio
664 1963 752 1982 nemo
781 1953 846 1982 scit.
880 1952 995 1982 Eorum
1016 1956 1197 1990 potestatem
1225 1961 1365 1989 magnam
1391 1951 1492 1987 fuisse,
1524 1960 1559 1979 eo

271 2008 332 2026 non
353 1998 495 2033 sequitur,
523 1997 603 2034 quod
631 1998 700 2025 inde
728 1997 765 2025 ab
793 2006 871 2024 anno
902 1998 958 2027 757
985 1997 1076 2025 index
1097 2005 1199 2025 eorum
1220 1995 1359 2024 exstabat
1378 1995 1430 2029 (cf.
1453 1994 1561 2022 Busolt

269 2036 295 2065 Ι.
297 2037 310 2056 ²
331 2047 360 2074 p.
381 2036 461 2071 55⁸.)
483 2036 544 2064 Hic
558 2036 760 2074 magistratus,
782 2035 862 2072 quod
883 2039 949 2064 erat
963 2044 1087 2072 annuus,
1104 2043 1265 2072 eponymos
1280 2033 1460 2071 praebebat;
1481 2033 1559 2061 hanc

272 2081 310 2110 ob
332 2090 397 2109 rem
417 2080 540 2109 nomina
561 2080 765 2109 servabantur.

366 2125 390 2161 ²)
411 2124 459 2152 Ex
479 2124 632 2153 Hellanici
653 2123 865 2161 fragmentulo,
888 2124 972 2152 cuius
995 2124 1177 2152 mentionem
1199 2122 1254 2150 Ed.
1271 2122 1377 2158 Meyer
1398 2121 1479 2156 facit,
1501 2131 1561 2149 non

270 2168 405 2205 intellegi
425 2171 535 2205 potest,
556 2170 657 2196 utrum
679 2177 747 2196 cum
769 2176 806 2195 an
829 2167 891 2196 sine
912 2167 969 2195 deo
990 2166 1194 2203 Eurysthenes
1210 2169 1240 2194 et
1250 2165 1372 2194 Procles
1393 2174 1441 2193 res
1462 2165 1560 2202 publi—

270 2222 319 2241 cas
339 2212 552 2241 ordinaverint.
576 2211 626 2249 (fr.
648 2213 695 2243 91.
721 2212 752 2241 1⁴¹.
774 2211 816 2241 H.
839 2211 875 2241 G.
897 2211 914 2240 I
935 2222 962 2249 p.
986 2213 1023 2242 57
1038 2224 1076 2235 z
1091 2210 1201 2240 Strabo
1224 2209 1306 2239 VIII
1327 2220 1356 2247 p.
1377 2210 1444 2240 366.
1468 2209 1561 2245 „¹132-

270 2257 402 2293 λάνικος
422 2259 484 2295 μὲν
504 2258 562 2285 οὖν
575 2257 767 2294 Εὐρυσθένη
789 2258 841 2285 καὶ
856 2257 1009 2295 Προκλέα
1030 2257 1106 2294 φησὶ
1123 2256 1265 2291 διατάξαι
1282 2257 1336 2291 τὴν
1350 2254 1559 2289 πολιτείαν.“)

367 2301 391 2336 5)
413 2300 449 2329 cf.
471 2300 577 2329 Busolt
601 2301 631 2329 1²
652 2311 680 2337 p.
703 2301 770 2330 545.

367 2344 395 2381 ⁴)
420 2343 457 2373 cf.
479 2344 537 2374 Ed.
561 2344 675 2381 Meyer.
716 2344 842 2374 Forsch.
864 2343 881 2372 I
902 2354 930 2381 p.
953 2345 1019 2374 227.
