<?xml version="1.0" encoding="UTF-8"?>
<!DOCTYPE html PUBLIC "-//W3C//DTD XHTML 1.0 Transitional//EN"
    "http://www.w3.org/TR/xhtml1/DTD/xhtml1-transitional.dtd">
<html xmlns="http://www.w3.org/1999/xhtml" xml:lang="en" lang="en">
 <head>
  <title>
</title>
<meta http-equiv="Content-Type" content="text/html;charset=utf-8" />
  <meta name='ocr-system' content='tesseract 3.04.00' />
  <meta name='ocr-capabilities' content='ocr_page ocr_carea ocr_par ocr_line ocrx_word'/>
</head>
<body>
  <div class='ocr_page' id='page_1' title='image "4737398_0036.png"; bbox 0 0 1770 2769; ppageno 0'>
   <div class='ocr_carea' id='block_1_1' title="bbox 593 123 1164 381">
    <p class='ocr_par' dir='ltr' id='par_1_1' title="bbox 593 123 1164 381">
     <span class='ocr_line' id='line_1_1' title="bbox 757 123 1001 158; baseline 0.004 -11"><span class='ocrx_word' id='word_1_1' title='bbox 757 142 804 147; x_wconf 77' lang='grc'><strong>-</strong></span> <span class='ocrx_word' id='word_1_2' title='bbox 857 123 903 158; x_wconf 84' lang='lat'><strong>29</strong></span> <span class='ocrx_word' id='word_1_3' title='bbox 957 144 1001 148; x_wconf 82' lang='grc'><strong>-</strong></span> 
     </span>
     <span class='ocr_line' id='line_1_2' title="bbox 745 227 1010 266; baseline 0.008 -2"><span class='ocrx_word' id='word_1_4' title='bbox 745 227 916 265; x_wconf 82' lang='lat' dir='ltr'>CAPUT</span> <span class='ocrx_word' id='word_1_5' title='bbox 942 229 1010 266; x_wconf 91' lang='lat' dir='ltr'><strong>IV.</strong></span> 
     </span>
     <span class='ocr_line' id='line_1_3' title="bbox 593 326 1164 381; baseline 0.005 -12"><span class='ocrx_word' id='word_1_6' title='bbox 593 327 671 370; x_wconf 88' lang='lat' dir='ltr'><strong>De</strong></span> <span class='ocrx_word' id='word_1_7' title='bbox 701 326 858 370; x_wconf 89' lang='lat' dir='ltr'><strong>rebus</strong></span> <span class='ocrx_word' id='word_1_8' title='bbox 891 326 1164 381; x_wconf 85' lang='lat' dir='ltr'><strong>Sicyoniis.</strong></span> 
     </span>
    </p>
   </div>
   <div class='ocr_carea' id='block_1_2' title="bbox 227 443 1518 1132">
    <p class='ocr_par' dir='ltr' id='par_1_2' title="bbox 227 443 1518 1132">
     <span class='ocr_line' id='line_1_4' title="bbox 342 443 1518 491; baseline 0.001 -11"><span class='ocrx_word' id='word_1_9' title='bbox 342 444 432 488; x_wconf 68' lang='lat' dir='ltr'><strong>Reiz,</strong></span> <span class='ocrx_word' id='word_1_10' title='bbox 476 445 539 490; x_wconf 89' lang='lat' dir='ltr'><strong>qui</strong></span> <span class='ocrx_word' id='word_1_11' title='bbox 581 443 677 490; x_wconf 88' lang='lat' dir='ltr'><strong>apud</strong></span> <span class='ocrx_word' id='word_1_12' title='bbox 722 443 1016 490; x_wconf 86' lang='lat' dir='ltr'><strong>tyrannophobos</strong></span> <span class='ocrx_word' id='word_1_13' title='bbox 1056 445 1235 481; x_wconf 78' lang='lat' dir='ltr'><strong>Herodoti</strong></span> <span class='ocrx_word' id='word_1_14' title='bbox 1274 446 1442 491; x_wconf 84' lang='lat' dir='ltr'>aequales</span> <span class='ocrx_word' id='word_1_15' title='bbox 1481 447 1518 481; x_wconf 91' lang='lat' dir='ltr'><strong>in</strong></span> 
     </span>
     <span class='ocr_line' id='line_1_5' title="bbox 231 497 1518 545; baseline 0.001 -11"><span class='ocrx_word' id='word_1_16' title='bbox 231 499 386 534; x_wconf 85' lang='lat' dir='ltr'><strong>maxima</strong></span> <span class='ocrx_word' id='word_1_17' title='bbox 430 502 508 534; x_wconf 88' lang='lat' dir='ltr'><strong>erat</strong></span> <span class='ocrx_word' id='word_1_18' title='bbox 550 498 713 542; x_wconf 86' lang='lat' dir='ltr'><strong>infamia,</strong></span> <span class='ocrx_word' id='word_1_19' title='bbox 754 497 958 533; x_wconf 81' lang='lat' dir='ltr'><strong>Clisthenes</strong></span> <span class='ocrx_word' id='word_1_20' title='bbox 997 502 1075 533; x_wconf 83' lang='lat' dir='ltr'><strong>erat</strong></span> <span class='ocrx_word' id='word_1_21' title='bbox 1113 498 1310 544; x_wconf 87' lang='lat' dir='ltr'><strong>Sicyonius.</strong></span> <span class='ocrx_word' id='word_1_22' title='bbox 1383 500 1518 545; x_wconf 90' lang='lat' dir='ltr'><strong>Apollo</strong></span> 
     </span>
     <span class='ocr_line' id='line_1_6' title="bbox 233 551 1518 598; baseline 0.001 -11"><span class='ocrx_word' id='word_1_23' title='bbox 233 551 430 597; x_wconf 82' lang='lat' dir='ltr'><strong>Delphicus</strong></span> <span class='ocrx_word' id='word_1_24' title='bbox 457 552 564 587; x_wconf 81' lang='lat' dir='ltr'><strong>etiam</strong></span> <span class='ocrx_word' id='word_1_25' title='bbox 590 551 696 586; x_wconf 85' lang='lat' dir='ltr'><strong>huius</strong></span> <span class='ocrx_word' id='word_1_26' title='bbox 727 551 794 585; x_wconf 85' lang='lat' dir='ltr'><strong>viri</strong></span> <span class='ocrx_word' id='word_1_27' title='bbox 827 551 1007 585; x_wconf 86' lang='lat' dir='ltr'><strong>artissima</strong></span> <span class='ocrx_word' id='word_1_28' title='bbox 1037 552 1193 587; x_wconf 87' lang='lat' dir='ltr'><strong>amicitia</strong></span> <span class='ocrx_word' id='word_1_29' title='bbox 1224 564 1265 587; x_wconf 88' lang='lat' dir='ltr'><strong>ac</strong></span> <span class='ocrx_word' id='word_1_30' title='bbox 1296 553 1518 598; x_wconf 89' lang='lat' dir='ltr'><strong>protectione</strong></span> 
     </span>
     <span class='ocr_line' id='line_1_7' title="bbox 230 603 1517 652; baseline 0 -11"><span class='ocrx_word' id='word_1_31' title='bbox 230 606 387 651; x_wconf 87' lang='lat' dir='ltr'><strong>pollutus</strong></span> <span class='ocrx_word' id='word_1_32' title='bbox 426 605 546 650; x_wconf 84' lang='lat' dir='ltr'><strong>erat.¹)</strong></span> <span class='ocrx_word' id='word_1_33' title='bbox 609 603 705 640; x_wconf 89' lang='lat' dir='ltr'><strong>Sane</strong></span> <span class='ocrx_word' id='word_1_34' title='bbox 736 604 782 641; x_wconf 90' lang='lat' dir='ltr'><strong>V.</strong></span> <span class='ocrx_word' id='word_1_35' title='bbox 819 605 863 639; x_wconf 79' lang='lat'><strong>67</strong></span> <span class='ocrx_word' id='word_1_36' title='bbox 903 604 1112 640; x_wconf 89' lang='lat' dir='ltr'><strong>Herodotus</strong></span> <span class='ocrx_word' id='word_1_37' title='bbox 1147 610 1280 650; x_wconf 87' lang='lat' dir='ltr'><strong>narrat,</strong></span> <span class='ocrx_word' id='word_1_38' title='bbox 1326 610 1517 652; x_wconf 88' lang='lat' dir='ltr'><strong>tyrannum</strong></span> 
     </span>
     <span class='ocr_line' id='line_1_8' title="bbox 231 657 1516 708; baseline 0 -14"><span class='ocrx_word' id='word_1_39' title='bbox 231 660 411 705; x_wconf 87' lang='lat' dir='ltr'><strong>accepisse</strong></span> <span class='ocrx_word' id='word_1_40' title='bbox 436 659 630 703; x_wconf 85' lang='lat' dir='ltr'><strong>oraculum,</strong></span> <span class='ocrx_word' id='word_1_41' title='bbox 658 670 728 704; x_wconf 91' lang='lat' dir='ltr'><strong>quo</strong></span> <span class='ocrx_word' id='word_1_42' title='bbox 746 658 930 693; x_wconf 76' lang='lat' dir='ltr'>Adrastus</span> <span class='ocrx_word' id='word_1_43' title='bbox 947 669 1020 702; x_wconf 87' lang='lat' dir='ltr'><strong>rex,</strong></span> <span class='ocrx_word' id='word_1_44' title='bbox 1038 659 1114 704; x_wconf 89' lang='lat' dir='ltr'><strong>ipse</strong></span> <span class='ocrx_word' id='word_1_45' title='bbox 1136 657 1329 708; x_wconf 76' lang='grc' dir='ltr'><strong><em>,,λευστὴρ“</em></strong></span> <span class='ocrx_word' id='word_1_46' title='bbox 1351 659 1516 706; x_wconf 85' lang='lat' dir='ltr'><strong>Sicyonis</strong></span> 
     </span>
     <span class='ocr_line' id='line_1_9' title="bbox 230 711 1515 758; baseline -0.001 -10"><span class='ocrx_word' id='word_1_47' title='bbox 230 713 431 758; x_wconf 88' lang='lat' dir='ltr'><strong>appellatus</strong></span> <span class='ocrx_word' id='word_1_48' title='bbox 466 716 571 748; x_wconf 86' lang='lat' dir='ltr'><strong>esset.</strong></span> <span class='ocrx_word' id='word_1_49' title='bbox 630 712 745 747; x_wconf 83' lang='lat' dir='ltr'><strong>Estne</strong></span> <span class='ocrx_word' id='word_1_50' title='bbox 782 712 889 746; x_wconf 90' lang='lat' dir='ltr'><strong>etiam</strong></span> <span class='ocrx_word' id='word_1_51' title='bbox 915 711 983 747; x_wconf 86' lang='lat' dir='ltr'><strong>hoc</strong></span> <span class='ocrx_word' id='word_1_52' title='bbox 1008 712 1191 747; x_wconf 84' lang='lat' dir='ltr'><strong>oraculum</strong></span> <span class='ocrx_word' id='word_1_53' title='bbox 1217 714 1374 749; x_wconf 85' lang='lat' dir='ltr'><strong>auctoris</strong></span> <span class='ocrx_word' id='word_1_54' title='bbox 1401 713 1515 758; x_wconf 88' lang='lat' dir='ltr'><strong>philo-</strong></span> 
     </span>
     <span class='ocr_line' id='line_1_10' title="bbox 230 765 1516 812; baseline -0.001 -10"><span class='ocrx_word' id='word_1_55' title='bbox 230 767 352 812; x_wconf 91' lang='lat' dir='ltr'><strong>delphi</strong></span> <span class='ocrx_word' id='word_1_56' title='bbox 369 778 468 812; x_wconf 90' lang='lat' dir='ltr'><strong>opus,</strong></span> <span class='ocrx_word' id='word_1_57' title='bbox 487 778 592 811; x_wconf 91' lang='lat' dir='ltr'><strong>quem</strong></span> <span class='ocrx_word' id='word_1_58' title='bbox 609 765 769 812; x_wconf 86' lang='lat' dir='ltr'><strong>pudebat</strong></span> <span class='ocrx_word' id='word_1_59' title='bbox 786 766 902 810; x_wconf 88' lang='lat' dir='ltr'><strong>turpis</strong></span> <span class='ocrx_word' id='word_1_60' title='bbox 920 765 978 801; x_wconf 90' lang='lat' dir='ltr'><strong>dei</strong></span> <span class='ocrx_word' id='word_1_61' title='bbox 996 766 1197 804; x_wconf 80' lang='lat' dir='ltr'><strong>amicitiae?</strong></span> <span class='ocrx_word' id='word_1_62' title='bbox 1223 767 1269 802; x_wconf 90' lang='lat' dir='ltr'><strong>Id</strong></span> <span class='ocrx_word' id='word_1_63' title='bbox 1291 767 1516 811; x_wconf 81' lang='lat' dir='ltr'><strong>affirmarem,</strong></span> 
     </span>
     <span class='ocr_line' id='line_1_11' title="bbox 230 819 1513 865; baseline 0.001 -11"><span class='ocrx_word' id='word_1_64' title='bbox 230 821 259 855; x_wconf 88' lang='lat' dir='ltr'><strong>si</strong></span> <span class='ocrx_word' id='word_1_65' title='bbox 291 820 469 865; x_wconf 87' lang='lat' dir='ltr'><strong>explicare</strong></span> <span class='ocrx_word' id='word_1_66' title='bbox 502 831 654 864; x_wconf 88' lang='lat' dir='ltr'><strong>possem,</strong></span> <span class='ocrx_word' id='word_1_67' title='bbox 694 831 758 854; x_wconf 89' lang='lat' dir='ltr'><strong>cur</strong></span> <span class='ocrx_word' id='word_1_68' title='bbox 791 820 953 854; x_wconf 90' lang='lat' dir='ltr'><strong>oratione</strong></span> <span class='ocrx_word' id='word_1_69' title='bbox 988 819 1105 855; x_wconf 83' lang='lat' dir='ltr'><strong>soluta</strong></span> <span class='ocrx_word' id='word_1_70' title='bbox 1135 820 1305 856; x_wconf 88' lang='lat' dir='ltr'><strong>afferatur</strong></span> <span class='ocrx_word' id='word_1_71' title='bbox 1331 821 1513 856; x_wconf 89' lang='lat' dir='ltr'><strong>oraculum</strong></span> 
     </span>
     <span class='ocr_line' id='line_1_12' title="bbox 229 873 1516 919; baseline 0 -10"><span class='ocrx_word' id='word_1_72' title='bbox 229 878 354 909; x_wconf 85' lang='lat' dir='ltr'><strong>contra</strong></span> <span class='ocrx_word' id='word_1_73' title='bbox 386 874 543 909; x_wconf 89' lang='lat' dir='ltr'><strong>auctoris</strong></span> <span class='ocrx_word' id='word_1_74' title='bbox 573 873 796 919; x_wconf 90' lang='lat' dir='ltr'><strong>philodelphi</strong></span> <span class='ocrx_word' id='word_1_75' title='bbox 827 873 1130 908; x_wconf 89' lang='lat' dir='ltr'><strong>consuetudinem.</strong></span> <span class='ocrx_word' id='word_1_76' title='bbox 1194 874 1364 910; x_wconf 85' lang='lat' dir='ltr'><strong>Fortasse</strong></span> <span class='ocrx_word' id='word_1_77' title='bbox 1399 874 1516 909; x_wconf 89' lang='lat' dir='ltr'><strong>Hero—</strong></span> 
     </span>
     <span class='ocr_line' id='line_1_13' title="bbox 229 927 1513 973; baseline 0 -11"><span class='ocrx_word' id='word_1_78' title='bbox 229 928 336 962; x_wconf 91' lang='lat' dir='ltr'><strong>dotus</strong></span> <span class='ocrx_word' id='word_1_79' title='bbox 364 927 453 962; x_wconf 85' lang='lat' dir='ltr'><strong>duas</strong></span> <span class='ocrx_word' id='word_1_80' title='bbox 480 939 524 962; x_wconf 85' lang='lat' dir='ltr'><strong>ex</strong></span> <span class='ocrx_word' id='word_1_81' title='bbox 550 927 700 963; x_wconf 88' lang='lat' dir='ltr'><strong>diversis</strong></span> <span class='ocrx_word' id='word_1_82' title='bbox 726 927 885 962; x_wconf 88' lang='lat' dir='ltr'><strong>fontibus</strong></span> <span class='ocrx_word' id='word_1_83' title='bbox 910 927 1059 962; x_wconf 82' lang='lat' dir='ltr'><strong>haustas</strong></span> <span class='ocrx_word' id='word_1_84' title='bbox 1090 929 1314 963; x_wconf 84' lang='lat' dir='ltr'><strong>narrationes</strong></span> <span class='ocrx_word' id='word_1_85' title='bbox 1346 929 1403 963; x_wconf 91' lang='lat' dir='ltr'><strong>hic</strong></span> <span class='ocrx_word' id='word_1_86' title='bbox 1435 940 1513 973; x_wconf 91' lang='lat' dir='ltr'><strong>per-</strong></span> 
     </span>
     <span class='ocr_line' id='line_1_14' title="bbox 228 980 1516 1026; baseline 0 -11"><span class='ocrx_word' id='word_1_87' title='bbox 228 981 380 1022; x_wconf 86' lang='lat' dir='ltr'><strong>miscuit,</strong></span> <span class='ocrx_word' id='word_1_88' title='bbox 429 992 579 1026; x_wconf 90' lang='lat' dir='ltr'><strong>quarum</strong></span> <span class='ocrx_word' id='word_1_89' title='bbox 622 984 664 1016; x_wconf 89' lang='lat' dir='ltr'><strong>ut</strong></span> <span class='ocrx_word' id='word_1_90' title='bbox 700 992 807 1015; x_wconf 88' lang='lat' dir='ltr'><strong>unam</strong></span> <span class='ocrx_word' id='word_1_91' title='bbox 849 980 954 1015; x_wconf 86' lang='lat' dir='ltr'><strong>alteri</strong></span> <span class='ocrx_word' id='word_1_92' title='bbox 997 980 1196 1026; x_wconf 86' lang='lat' dir='ltr'><strong>adaptaret,</strong></span> <span class='ocrx_word' id='word_1_93' title='bbox 1237 993 1359 1016; x_wconf 86' lang='lat' dir='ltr'><strong>versus</strong></span> <span class='ocrx_word' id='word_1_94' title='bbox 1402 981 1516 1016; x_wconf 81' lang='lat' dir='ltr'><strong>solvit.</strong></span> 
     </span>
     <span class='ocr_line' id='line_1_15' title="bbox 227 1031 1518 1081; baseline 0 -12"><span class='ocrx_word' id='word_1_95' title='bbox 227 1035 348 1069; x_wconf 86' lang='lat' dir='ltr'><strong>Etiam</strong></span> <span class='ocrx_word' id='word_1_96' title='bbox 375 1034 563 1069; x_wconf 90' lang='lat' dir='ltr'><strong>obscurum</strong></span> <span class='ocrx_word' id='word_1_97' title='bbox 588 1034 678 1069; x_wconf 90' lang='lat' dir='ltr'><strong>illud</strong></span> <span class='ocrx_word' id='word_1_98' title='bbox 706 1031 901 1081; x_wconf 80' lang='grc' dir='ltr'><strong><em>,,λευστήρ“</em></strong></span> <span class='ocrx_word' id='word_1_99' title='bbox 929 1034 1082 1069; x_wconf 80' lang='lat' dir='ltr'><strong>fortasse</strong></span> <span class='ocrx_word' id='word_1_100' title='bbox 1117 1038 1262 1079; x_wconf 88' lang='lat' dir='ltr'><strong>propter</strong></span> <span class='ocrx_word' id='word_1_101' title='bbox 1300 1035 1518 1069; x_wconf 88' lang='lat' dir='ltr'><strong>contamina-</strong></span> 
     </span>
     <span class='ocr_line' id='line_1_16' title="bbox 227 1086 1332 1132; baseline 0 -11"><span class='ocrx_word' id='word_1_102' title='bbox 227 1088 361 1122; x_wconf 85' lang='lat' dir='ltr'><strong>tionem</strong></span> <span class='ocrx_word' id='word_1_103' title='bbox 387 1099 458 1122; x_wconf 91' lang='lat' dir='ltr'><strong>non</strong></span> <span class='ocrx_word' id='word_1_104' title='bbox 486 1088 693 1132; x_wconf 86' lang='lat' dir='ltr'><strong>explicatur.</strong></span> <span class='ocrx_word' id='word_1_105' title='bbox 746 1086 857 1122; x_wconf 87' lang='lat' dir='ltr'><strong>Certa</strong></span> <span class='ocrx_word' id='word_1_106' title='bbox 881 1090 1002 1121; x_wconf 87' lang='lat' dir='ltr'><strong>tamen</strong></span> <span class='ocrx_word' id='word_1_107' title='bbox 1028 1087 1117 1121; x_wconf 88' lang='lat' dir='ltr'><strong>haec</strong></span> <span class='ocrx_word' id='word_1_108' title='bbox 1143 1099 1213 1122; x_wconf 87' lang='lat' dir='ltr'><strong>non</strong></span> <span class='ocrx_word' id='word_1_109' title='bbox 1240 1092 1332 1122; x_wconf 85' lang='lat' dir='ltr'><strong>sunt.</strong></span> 
     </span>
    </p>
   </div>
   <div class='ocr_carea' id='block_1_3' title="bbox 596 1515 1140 1670">
    <p class='ocr_par' dir='ltr' id='par_1_3' title="bbox 596 1515 1140 1670">
     <span class='ocr_line' id='line_1_17' title="bbox 755 1515 998 1552; baseline 0.004 -1"><span class='ocrx_word' id='word_1_110' title='bbox 755 1515 925 1552; x_wconf 79' lang='lat' dir='ltr'>CAPUT</span> <span class='ocrx_word' id='word_1_111' title='bbox 952 1516 998 1552; x_wconf 86' lang='lat' dir='ltr'><strong>V.</strong></span> 
     </span>
     <span class='ocr_line' id='line_1_18' title="bbox 596 1614 1140 1670; baseline 0.004 -12"><span class='ocrx_word' id='word_1_112' title='bbox 596 1614 674 1658; x_wconf 88' lang='lat' dir='ltr'><strong>De</strong></span> <span class='ocrx_word' id='word_1_113' title='bbox 705 1614 865 1658; x_wconf 87' lang='lat' dir='ltr'><strong>rebus</strong></span> <span class='ocrx_word' id='word_1_114' title='bbox 897 1614 1140 1670; x_wconf 90' lang='lat' dir='ltr'><strong>Siphniis.</strong></span> 
     </span>
    </p>
   </div>
   <div class='ocr_carea' id='block_1_4' title="bbox 224 1732 1516 2214">
    <p class='ocr_par' dir='ltr' id='par_1_4' title="bbox 228 1732 1516 1832">
     <span class='ocr_line' id='line_1_19' title="bbox 324 1732 1516 1778; baseline 0.002 -11"><span class='ocrx_word' id='word_1_115' title='bbox 324 1733 387 1768; x_wconf 91' lang='lat' dir='ltr'><strong>III</strong></span> <span class='ocrx_word' id='word_1_116' title='bbox 415 1734 458 1768; x_wconf 82' lang='lat'><strong>57</strong></span> <span class='ocrx_word' id='word_1_117' title='bbox 487 1736 523 1767; x_wconf 89' lang='lat' dir='ltr'><strong>et</strong></span> <span class='ocrx_word' id='word_1_118' title='bbox 550 1733 595 1767; x_wconf 86' lang='lat'><strong>58</strong></span> <span class='ocrx_word' id='word_1_119' title='bbox 622 1732 832 1768; x_wconf 85' lang='lat' dir='ltr'><strong>Herodotus</strong></span> <span class='ocrx_word' id='word_1_120' title='bbox 857 1737 983 1768; x_wconf 81' lang='lat' dir='ltr'><strong>narrat</strong></span> <span class='ocrx_word' id='word_1_121' title='bbox 1009 1733 1053 1769; x_wconf 88' lang='lat' dir='ltr'><strong>de</strong></span> <span class='ocrx_word' id='word_1_122' title='bbox 1077 1732 1234 1778; x_wconf 87' lang='lat' dir='ltr'><strong>Siphniis</strong></span> <span class='ocrx_word' id='word_1_123' title='bbox 1261 1733 1306 1768; x_wconf 94' lang='lat' dir='ltr'><strong>ab</strong></span> <span class='ocrx_word' id='word_1_124' title='bbox 1333 1733 1516 1769; x_wconf 82' lang='lat' dir='ltr'><strong>exsulibus</strong></span> 
     </span>
     <span class='ocr_line' id='line_1_20' title="bbox 228 1785 1378 1832; baseline -0.001 -10"><span class='ocrx_word' id='word_1_125' title='bbox 228 1787 357 1823; x_wconf 85' lang='lat' dir='ltr'><strong>Samiis</strong></span> <span class='ocrx_word' id='word_1_126' title='bbox 384 1786 561 1831; x_wconf 87' lang='lat' dir='ltr'><strong>expilatis.</strong></span> <span class='ocrx_word' id='word_1_127' title='bbox 612 1785 821 1821; x_wconf 89' lang='lat' dir='ltr'><strong>Praemittit</strong></span> <span class='ocrx_word' id='word_1_128' title='bbox 846 1787 890 1822; x_wconf 91' lang='lat' dir='ltr'><strong>de</strong></span> <span class='ocrx_word' id='word_1_129' title='bbox 918 1787 1101 1832; x_wconf 90' lang='lat' dir='ltr'><strong>opulentia</strong></span> <span class='ocrx_word' id='word_1_130' title='bbox 1128 1799 1248 1821; x_wconf 87' lang='lat' dir='ltr'><strong>eorum</strong></span> <span class='ocrx_word' id='word_1_131' title='bbox 1274 1787 1378 1821; x_wconf 88' lang='lat' dir='ltr'><strong>haec:</strong></span> 
     </span>
    </p>

    <p class='ocr_par' dir='ltr' id='par_1_5' title="bbox 224 1837 1515 2214">
     <span class='ocr_line' id='line_1_21' title="bbox 327 1837 1514 1894; baseline 0.003 -19"><span class='ocrx_word' id='word_1_132' title='bbox 327 1838 392 1883; x_wconf 82' lang='grc' dir='ltr'><strong>,,τά</strong></span> <span class='ocrx_word' id='word_1_133' title='bbox 417 1839 487 1875; x_wconf 74' lang='grc' dir='ltr'><strong>τῶν</strong></span> <span class='ocrx_word' id='word_1_134' title='bbox 504 1840 667 1888; x_wconf 79' lang='grc' dir='ltr'><em>Σιφνίων</em></span> <span class='ocrx_word' id='word_1_135' title='bbox 684 1837 877 1889; x_wconf 79' lang='grc' dir='ltr'><strong><em>πρήγματα</em></strong></span> <span class='ocrx_word' id='word_1_136' title='bbox 905 1839 1036 1889; x_wconf 74' lang='grc' dir='ltr'><strong><em>ἤκμαζε</em></strong></span> <span class='ocrx_word' id='word_1_137' title='bbox 1061 1840 1186 1876; x_wconf 86' lang='grc' dir='ltr'><strong><em>τοῦτον</em></strong></span> <span class='ocrx_word' id='word_1_138' title='bbox 1210 1838 1271 1876; x_wconf 70' lang='grc' dir='ltr'><strong>τόν</strong></span> <span class='ocrx_word' id='word_1_139' title='bbox 1296 1838 1431 1894; x_wconf 75' lang='grc' dir='ltr'><strong><em>χρόνον,</em></strong></span> <span class='ocrx_word' id='word_1_140' title='bbox 1454 1842 1514 1878; x_wconf 85' lang='grc' dir='ltr'><strong>καὶ</strong></span> 
     </span>
     <span class='ocr_line' id='line_1_22' title="bbox 226 1897 1514 1948; baseline -0.001 -13"><span class='ocrx_word' id='word_1_141' title='bbox 226 1899 428 1946; x_wconf 77' lang='grc' dir='ltr'>νησιωτέων</span> <span class='ocrx_word' id='word_1_142' title='bbox 453 1897 611 1943; x_wconf 88' lang='grc' dir='ltr'><strong><em>μάλιστα</em></strong></span> <span class='ocrx_word' id='word_1_143' title='bbox 641 1898 846 1941; x_wconf 79' lang='grc' dir='ltr'><strong><em>ἐπλούτεον,</em></strong></span> <span class='ocrx_word' id='word_1_144' title='bbox 876 1898 938 1936; x_wconf 81' lang='grc' dir='ltr'><strong>ἅτε</strong></span> <span class='ocrx_word' id='word_1_145' title='bbox 964 1898 1093 1937; x_wconf 79' lang='grc' dir='ltr'><strong><em>ἐόντων</em></strong></span> <span class='ocrx_word' id='word_1_146' title='bbox 1118 1898 1259 1935; x_wconf 77' lang='grc' dir='ltr'><strong><em>αὐτοῖσι</em></strong></span> <span class='ocrx_word' id='word_1_147' title='bbox 1286 1899 1324 1935; x_wconf 80' lang='grc' dir='ltr'><strong>ἐν</strong></span> <span class='ocrx_word' id='word_1_148' title='bbox 1348 1900 1393 1947; x_wconf 80' lang='grc' dir='ltr'><strong>τῇ</strong></span> <span class='ocrx_word' id='word_1_149' title='bbox 1418 1898 1514 1948; x_wconf 72' lang='grc' dir='ltr'><strong><em>νήσῳ</em></strong></span> 
     </span>
     <span class='ocr_line' id='line_1_23' title="bbox 225 1951 1515 2001; baseline 0.001 -13"><span class='ocrx_word' id='word_1_150' title='bbox 225 1953 385 2001; x_wconf 82' lang='grc' dir='ltr'><strong><em>χρυσέων</em></strong></span> <span class='ocrx_word' id='word_1_151' title='bbox 410 1954 469 1989; x_wconf 83' lang='grc' dir='ltr'><strong>καὶ</strong></span> <span class='ocrx_word' id='word_1_152' title='bbox 496 1951 679 2001; x_wconf 72' lang='grc' dir='ltr'><strong><em>ἀργυρέων</em></strong></span> <span class='ocrx_word' id='word_1_153' title='bbox 704 1951 900 1998; x_wconf 80' lang='grc' dir='ltr'><strong><em>μετάλλων,</em></strong></span> <span class='ocrx_word' id='word_1_154' title='bbox 933 1952 1027 1989; x_wconf 80' lang='grc' dir='ltr'><strong><em>οὕτω</em></strong></span> <span class='ocrx_word' id='word_1_155' title='bbox 1054 1951 1144 1989; x_wconf 80' lang='grc' dir='ltr'><strong><em>ὥστε</em></strong></span> <span class='ocrx_word' id='word_1_156' title='bbox 1170 1951 1243 1988; x_wconf 77' lang='grc' dir='ltr'><strong>ἀπὸ</strong></span> <span class='ocrx_word' id='word_1_157' title='bbox 1268 1953 1332 2000; x_wconf 73' lang='grc' dir='ltr'><strong>τῆς</strong></span> <span class='ocrx_word' id='word_1_158' title='bbox 1364 1952 1515 2001; x_wconf 73' lang='grc' dir='ltr'><strong><em>δεκάτης</em></strong></span> 
     </span>
     <span class='ocr_line' id='line_1_24' title="bbox 225 2005 1515 2055; baseline 0.002 -13"><span class='ocrx_word' id='word_1_159' title='bbox 225 2007 296 2043; x_wconf 78' lang='grc' dir='ltr'><strong>τῶν</strong></span> <span class='ocrx_word' id='word_1_160' title='bbox 321 2006 513 2053; x_wconf 78' lang='grc' dir='ltr'><strong><em>γινομένων</em></strong></span> <span class='ocrx_word' id='word_1_161' title='bbox 538 2005 695 2044; x_wconf 65' lang='grc' dir='ltr'><strong><em>αὐτόθεν</em></strong></span> <span class='ocrx_word' id='word_1_162' title='bbox 720 2005 913 2055; x_wconf 79' lang='grc' dir='ltr'><strong><em>χρημάτων</em></strong></span> <span class='ocrx_word' id='word_1_163' title='bbox 937 2006 1123 2055; x_wconf 72' lang='grc' dir='ltr'><strong><em>θησαυρός</em></strong></span> <span class='ocrx_word' id='word_1_164' title='bbox 1148 2007 1185 2043; x_wconf 79' lang='grc' dir='ltr'><strong>ἐν</strong></span> <span class='ocrx_word' id='word_1_165' title='bbox 1212 2009 1389 2055; x_wconf 77' lang='grc' dir='ltr'><strong><em>Δελφοῖσι</em></strong></span> <span class='ocrx_word' id='word_1_166' title='bbox 1427 2006 1515 2044; x_wconf 76' lang='grc' dir='ltr'><strong><em>ἅνα-</em></strong></span> 
     </span>
     <span class='ocr_line' id='line_1_25' title="bbox 224 2058 1514 2108; baseline 0.001 -13"><span class='ocrx_word' id='word_1_167' title='bbox 224 2060 341 2096; x_wconf 85' lang='grc' dir='ltr'><strong><em>κέεται</em></strong></span> <span class='ocrx_word' id='word_1_168' title='bbox 368 2058 477 2105; x_wconf 86' lang='grc' dir='ltr'><strong><em>ὅμοια</em></strong></span> <span class='ocrx_word' id='word_1_169' title='bbox 501 2064 597 2097; x_wconf 89' lang='grc' dir='ltr'><strong><em>τοῖσι</em></strong></span> <span class='ocrx_word' id='word_1_170' title='bbox 633 2060 956 2098; x_wconf 79' lang='grc' dir='ltr'><strong><em>πλουσιωτάτοισι·</em></strong></span> <span class='ocrx_word' id='word_1_171' title='bbox 984 2059 1087 2097; x_wconf 72' lang='grc' dir='ltr'><strong><em>αὐτοὶ</em></strong></span> <span class='ocrx_word' id='word_1_172' title='bbox 1115 2060 1153 2097; x_wconf 78' lang='grc' dir='ltr'><strong>δὲ</strong></span> <span class='ocrx_word' id='word_1_173' title='bbox 1187 2059 1231 2096; x_wconf 78' lang='grc' dir='ltr'><strong>τὰ</strong></span> <span class='ocrx_word' id='word_1_174' title='bbox 1264 2059 1431 2106; x_wconf 80' lang='grc' dir='ltr'><strong><em>γινόμενα</em></strong></span> <span class='ocrx_word' id='word_1_175' title='bbox 1464 2063 1514 2108; x_wconf 71' lang='grc' dir='ltr'><strong>τῷ</strong></span> 
     </span>
     <span class='ocr_line' id='line_1_26' title="bbox 225 2112 1515 2163; baseline 0 -12"><span class='ocrx_word' id='word_1_176' title='bbox 225 2114 377 2161; x_wconf 78' lang='grc' dir='ltr'><strong><em>ἐνιαυτῷ</em></strong></span> <span class='ocrx_word' id='word_1_177' title='bbox 402 2112 537 2160; x_wconf 79' lang='grc' dir='ltr'><strong><em>ἑκάστῳ</em></strong></span> <span class='ocrx_word' id='word_1_178' title='bbox 564 2113 730 2163; x_wconf 83' lang='grc' dir='ltr'><strong><em>χρήματα</em></strong></span> <span class='ocrx_word' id='word_1_179' title='bbox 756 2114 992 2160; x_wconf 84' lang='grc' dir='ltr'><strong><em>διενέμοντο.“</em></strong></span> <span class='ocrx_word' id='word_1_180' title='bbox 1052 2114 1122 2150; x_wconf 87' lang='lat' dir='ltr'><strong>His</strong></span> <span class='ocrx_word' id='word_1_181' title='bbox 1149 2126 1192 2150; x_wconf 88' lang='lat' dir='ltr'><strong>ex</strong></span> <span class='ocrx_word' id='word_1_182' title='bbox 1223 2115 1341 2150; x_wconf 85' lang='lat' dir='ltr'><strong>verbis</strong></span> <span class='ocrx_word' id='word_1_183' title='bbox 1373 2115 1515 2151; x_wconf 88' lang='lat' dir='ltr'><strong>conclu-</strong></span> 
     </span>
     <span class='ocr_line' id='line_1_27' title="bbox 225 2168 1514 2214; baseline 0.001 -11"><span class='ocrx_word' id='word_1_184' title='bbox 225 2168 380 2203; x_wconf 90' lang='lat' dir='ltr'><strong>dendum</strong></span> <span class='ocrx_word' id='word_1_185' title='bbox 420 2172 490 2211; x_wconf 87' lang='lat' dir='ltr'><strong>est,</strong></span> <span class='ocrx_word' id='word_1_186' title='bbox 530 2169 749 2213; x_wconf 88' lang='lat' dir='ltr'><strong>opulentiam</strong></span> <span class='ocrx_word' id='word_1_187' title='bbox 786 2169 925 2204; x_wconf 89' lang='lat' dir='ltr'><strong>insulae</strong></span> <span class='ocrx_word' id='word_1_188' title='bbox 962 2169 1142 2204; x_wconf 88' lang='lat' dir='ltr'><strong>Herodoti</strong></span> <span class='ocrx_word' id='word_1_189' title='bbox 1179 2169 1402 2214; x_wconf 89' lang='lat' dir='ltr'><strong>temporibus</strong></span> <span class='ocrx_word' id='word_1_190' title='bbox 1443 2170 1514 2204; x_wconf 88' lang='lat' dir='ltr'><strong>iam</strong></span> 
     </span>
    </p>
   </div>
   <div class='ocr_carea' id='block_1_5' title="bbox 223 2245 458 2254">
    <p class='ocr_par' dir='ltr' id='par_1_6' title="bbox 223 2245 458 2254">
     <span class='ocr_line' id='line_1_28' title="bbox 223 2245 458 2254; baseline 0 0"><span class='ocrx_word' id='word_1_191' title='bbox 223 2245 458 2254; x_wconf 95' lang='lat' dir='ltr'><strong> </strong></span> 
     </span>
    </p>
   </div>
   <div class='ocr_carea' id='block_1_6' title="bbox 223 2280 1513 2361">
    <p class='ocr_par' dir='ltr' id='par_1_7' title="bbox 223 2280 1513 2361">
     <span class='ocr_line' id='line_1_29' title="bbox 322 2280 1513 2318; baseline 0.001 -10"><span class='ocrx_word' id='word_1_192' title='bbox 322 2280 348 2317; x_wconf 87' lang='lat'><strong>1)</strong></span> <span class='ocrx_word' id='word_1_193' title='bbox 370 2280 415 2309; x_wconf 89' lang='lat' dir='ltr'><strong>De</strong></span> <span class='ocrx_word' id='word_1_194' title='bbox 434 2280 655 2309; x_wconf 82' lang='lat' dir='ltr'><strong>necessitudine</strong></span> <span class='ocrx_word' id='word_1_195' title='bbox 676 2280 881 2310; x_wconf 83' lang='lat' dir='ltr'><strong>intercedente</strong></span> <span class='ocrx_word' id='word_1_196' title='bbox 901 2281 981 2309; x_wconf 84' lang='lat' dir='ltr'><strong>iuter</strong></span> <span class='ocrx_word' id='word_1_197' title='bbox 1002 2280 1092 2309; x_wconf 88' lang='lat' dir='ltr'><strong>deum</strong></span> <span class='ocrx_word' id='word_1_198' title='bbox 1112 2280 1292 2317; x_wconf 85' lang='lat' dir='ltr'><strong>Delphicum</strong></span> <span class='ocrx_word' id='word_1_199' title='bbox 1307 2284 1338 2310; x_wconf 84' lang='lat' dir='ltr'><strong>et</strong></span> <span class='ocrx_word' id='word_1_200' title='bbox 1352 2284 1513 2318; x_wconf 85' lang='lat' dir='ltr'><strong>tyrannum</strong></span> 
     </span>
     <span class='ocr_line' id='line_1_30' title="bbox 223 2322 777 2361; baseline 0 -9"><span class='ocrx_word' id='word_1_201' title='bbox 223 2322 398 2361; x_wconf 85' lang='lat' dir='ltr'><strong>Sicyonium</strong></span> <span class='ocrx_word' id='word_1_202' title='bbox 420 2323 457 2353; x_wconf 85' lang='lat' dir='ltr'><strong>cf.</strong></span> <span class='ocrx_word' id='word_1_203' title='bbox 479 2323 585 2353; x_wconf 87' lang='lat' dir='ltr'><strong>Busolt</strong></span> <span class='ocrx_word' id='word_1_204' title='bbox 605 2323 641 2353; x_wconf 83' lang='lat'><strong>12</strong></span> <span class='ocrx_word' id='word_1_205' title='bbox 661 2334 689 2361; x_wconf 92' lang='lat' dir='ltr'><strong>p.</strong></span> <span class='ocrx_word' id='word_1_206' title='bbox 712 2325 777 2355; x_wconf 81' lang='lat'>693.</span> 
     </span>
    </p>
   </div>
  </div>
 </body>
</html>
